1593 2496
339 48 544 84 BELLUM
572 47 935 84 IUGURTHINUM
966 50 1147 82 100—101
1337 51 1418 91 135

66 161 214 202 hostes
236 162 474 210 attigerant,
497 160 744 200 cohortatus
767 170 871 198 suos
892 159 1108 198 turmatim
1126 163 1167 198 et
1182 169 1313 208 quam
1330 169 1420 197 ma-

65 232 196 261 xume
223 220 422 260 confertis
451 221 574 269 equis
602 220 696 268 ipse
723 218 884 267 aliique
905 218 1080 257 Mauros
1103 218 1325 263 invadunt,
1353 228 1420 257 ce-

66 282 141 320 teri
169 281 210 319 in
239 279 335 319 loco
358 283 584 318 manentes
605 279 660 318 ab
683 277 832 317 iaculis
855 278 1025 316 eminus
1046 277 1216 317 emissis
1239 287 1420 325 corpora

66 344 212 389 tegere
233 343 284 385 et,
305 339 340 377 si
361 340 435 388 qui
457 339 498 377 in
520 348 676 377 manus
697 341 916 382 venerant,
939 337 1206 376 obtruncare.
1240 335 1343 374 dum
1366 346 1419 375 eo
1447 343 1468 373 5

24 408 40 434 5
67 399 200 438 modo
223 398 390 447 equites
412 397 686 447 proeliantur,
713 396 907 436 Bocchus
929 407 1026 435 cum
1050 395 1282 445 peditibus,
1308 406 1420 444 quos

65 457 220 503 Volux,
246 457 359 496 filius
388 458 492 502 eius,
519 456 758 495 adduxerat
784 467 929 505 neque
956 456 998 494 in
1026 456 1167 504 priore
1191 465 1350 504 pugna,
1378 455 1419 492 in

67 518 217 556 itinere
238 517 403 562 morati,
423 516 659 561 adfuerant,
683 519 945 564 postremam
965 514 1260 554 Romanorum
1282 514 1419 553 aciem

68 576 290 615 invadunt.
323 580 413 615 tum
436 575 594 614 Marius
616 575 732 624 apud
755 575 917 623 primos
939 575 1109 624 agebat,
1137 573 1255 623 quod
1278 573 1335 612 ibi
1359 572 1421 611 Iu·
1449 580 1469 610 6

68 636 222 686 gurtha
249 647 346 675 cum
372 635 581 684 plurumis
603 639 701 674 erat.
736 634 836 673 dein
858 633 1048 673 Numida
1070 634 1244 682 cognito
1266 632 1421 672 Bocchi

17 703 49 731 ιο
69 695 260 734 adventu
282 694 390 734 clam
414 706 511 733 cum
534 695 683 743 paucis
704 694 759 732 ad
782 693 950 743 pedites
972 694 1195 733 convortit.
1218 692 1275 731 ibi
1292 692 1423 731 latine

70 774 124 779 -—
138 766 238 793 nam
260 753 377 803 apud
399 753 677 792 Numantiam
694 753 813 802 loqui
829 752 1036 792 didicerat
1052 773 1106 777 —
1122 751 1334 792 exclamat
1348 762 1423 791 no-

71 818 180 853 stros
202 813 352 852 frustra
368 824 573 863 pugnare,
596 812 727 862 paulo
744 817 842 852 ante
859 811 1041 852 Marium
1058 823 1137 851 sua
1152 822 1283 850 manu
1300 812 1422 850 inter<

70 872 240 913 fectum.
257 872 384 911 simul
402 872 594 922 gladium
612 872 826 921 sanguine
842 871 1023 911 oblitum
1035 871 1276 916 ostendere,
1292 881 1422 919 quem

71 933 114 971 in
137 943 284 982 pugna
304 933 408 971 satis
430 932 597 981 inpigre
619 932 763 971 occiso
786 931 931 980 pedite
953 935 1100 970 nostro
1117 935 1425 970 cruentaverat.

19 1001 51 1027 15
72 991 190 1040 quod
225 991 297 1030 ubi
332 990 488 1030 milites
522 1002 740 1040 accepere,
774 991 913 1039 magis
946 991 1168 1030 atrocitate
1201 991 1258 1029 rei
1293 1000 1423 1039 quam
1453 996 1472 1027 7

72 1050 158 1090 lide
186 1051 323 1089 nuntii
351 1055 568 1095 terrentur,
596 1049 813 1099 simulque
834 1049 1002 1089 barbari
1023 1051 1194 1089 animos
1214 1048 1364 1089 tollere
1385 1053 1427 1087 et

73 1110 115 1148 in
144 1109 365 1159 perculsos
393 1108 614 1149 Romanos
642 1110 781 1148 acrius
803 1109 1015 1149 incedere.
1049 1110 1225 1158 iamque
1246 1107 1425 1158 paulum
1453 1114 1474 1146 8

74 1180 99 1207 a
114 1169 216 1219 fuga
231 1169 419 1214 aberant,
441 1180 574 1218 quom
592 1168 711 1208 Sulla
727 1168 964 1218 profligatis
980 1169 1042 1215 iis,
1065 1179 1176 1218 quos
1191 1168 1426 1207 advorsum

74 1229 190 1274 ierat,
220 1228 389 1268 rediens
417 1228 471 1267 ab
499 1228 630 1268 latere
658 1228 818 1267 Mauris
846 1229 1029 1267 incurrit.
1062 1227 1256 1267 Bocchus
1283 1227 1426 1266 statim

22 1296 58 1323 20
78 1288 293 1327 avortitur.
321 1292 363 1326 at
380 1287 594 1336 Iugurtha,
616 1287 719 1326 dum
742 1292 982 1326 sustentare
1003 1298 1107 1327 suos
1129 1292 1170 1326 et
1191 1297 1326 1336 prope
1341 1287 1426 1325 iam
1455 1293 1478 1323 9

76 1346 281 1396 adeptam
296 1347 520 1386 victoriam
544 1346 724 1386 retinere
746 1348 873 1396 cupit,
895 1347 1212 1386 circumventus
1234 1347 1288 1386 ab
1310 1345 1430 1395 equi-

76 1406 203 1451 tibus,
247 1406 395 1445 dextra
435 1406 695 1455 sinistraque
735 1407 939 1445 omnibus
980 1407 1135 1446 occisis
1168 1405 1288 1445 solus
1322 1406 1430 1444 inter

76 1464 163 1504 tela
190 1465 380 1505 hostium
401 1465 666 1504 vitabundus
694 1466 889 1514 erumpit.
922 1469 1054 1515 atque
1080 1466 1247 1505 interim
1270 1465 1429 1503 Marius
1447 1464 1491 1496 10

77 1524 234 1574 fugatis
269 1524 486 1574 equitibus
519 1524 703 1563 adcurrit
735 1525 895 1564 auxilio
929 1525 1031 1571 suis,
1063 1536 1175 1574 quos
1208 1524 1309 1573 pelli
1343 1524 1429 1562 iam

23 1592 58 1619 25
78 1588 313 1632 acceperat.
346 1583 534 1632 denique
562 1584 710 1624 hostes
737 1585 823 1623 iam
850 1584 1045 1633 undique
1065 1584 1159 1623 fusi.
1192 1588 1282 1623 tum
1309 1588 1488 1632 spec-11

77 1642 267 1681 taculum
303 1643 505 1682 horribile
538 1643 580 1681 in
614 1644 778 1693 campis
812 1643 1076 1693 patentibus:
1113 1644 1237 1692 sequi
1271 1643 1430 1692 fugere,

79 1702 218 1741 occidi
240 1703 354 1751 capi;
382 1703 482 1751 equi
509 1706 639 1751 atque
659 1704 737 1741 viri
764 1703 936 1748 adflicti,
964 1713 1014 1742 ac
1037 1703 1159 1741 multi
1179 1702 1430 1742 volneribus

80 1762 268 1810 acceptis
300 1772 444 1810 neque
477 1761 624 1811 fugere
658 1773 789 1811 posse
822 1773 966 1811 neque
999 1764 1189 1811 quietem
1223 1762 1323 1810 pati,
1355 1761 1431 1800 niti

81 1820 214 1860 modo
242 1831 293 1859 ac
319 1821 460 1860 statim
489 1821 734 1867 concidere;
761 1826 981 1871 postremo
1010 1822 1169 1867 omnia,
1199 1832 1286 1870 qua
1311 1821 1431 1860 visus

27 1887 63 1914 30
82 1884 182 1925 erat,
203 1884 416 1919 constrata
437 1880 531 1919 telis
553 1881 682 1919 armis
703 1881 1000 1926 cadaveribus,
1022 1885 1062 1920 et
1083 1881 1190 1920 inter
1208 1891 1259 1920 ea
1273 1880 1432 1919 humus

82 1938 238 1978 infecta
263 1940 488 1989 sanguine.

145 2066 165 2098 5
194 2067 413 2106 proeliantur
433 2063 658 2099 A¹K¹Tnm
686 2069 946 2107 proeliarentur
965 2061 1230 2098 PA²CBK21s
1252 2067 1432 2105 proelian-

85 2116 140 2146 tes
155 2114 186 2146 N
198 2114 456 2153 proeliabantur
470 2115 503 2147 H
529 2115 550 2147 8
565 2117 698 2155 agebat
709 2109 1074 2154 CBHagitabatA²n
1090 2117 1163 2146 erat
1173 2115 1251 2146 rell.
1280 2114 1434 2147 loibi...

86 2162 265 2192 exclamat
285 2162 391 2193 Aras.
411 2172 567 2202 yramm.
584 2163 642 2195 Vl!
655 2167 727 2201 451,
741 2167 782 2194 25
852 2162 890 2193 11
915 2159 1026 2200 apud]
1049 2162 1095 2193 ad
1115 2162 1222 2193 Aras.
1273 2165 1434 2193 nostrum

88 2204 213 2240 PA¹N
289 2209 331 2241 13
358 2210 463 2241 simul
484 2233 492 2242 .
507 2233 515 2242 .
531 2235 539 2242 .
561 2211 756 2242 ostendere
775 2210 889 2241 Prisc.
910 2218 1067 2249 gramm.
1087 2209 1120 2241 ΙΙ
1137 2212 1208 2247 530,
1224 2212 1263 2240 13
1313 2212 1436 2241 osten-

88 2258 168 2287 tans
188 2256 304 2289 Prisc.
371 2256 417 2288 20
436 2257 631 2289 advertitur
643 2253 834 2289 ANK¹M¹
896 2257 940 2288 22
955 2257 1174 2295 sinistraque
1188 2251 1277 2288 K²m
1293 2256 1436 2289 sinistra

89 2304 178 2340 rell„
205 2312 236 2335 υ.
259 2304 323 2343 Ay.
346 2307 405 2335 179
