1593 2496
360 88 565 125 BELLUM
592 86 956 124 1UGURTH1NUM
984 90 1122 122 47-49
1363 92 1421 133 93

72 206 141 241 tus
157 201 342 242 oleastro
359 211 409 239 ac
423 199 617 239 murtetis
633 199 818 248 aliisque
833 199 1065 249 generibus
1077 199 1291 245 arborum,
1306 209 1423 249 quae

72 261 193 300 humi
229 260 348 300 arido
386 263 516 308 atque
553 258 769 298 harenoso
806 259 1052 309 gignuntur.
1097 258 1242 297 media
1274 263 1422 299 autem
1447 267 1469 301 4

72 320 272 369 planities
299 320 469 359 deserta
496 319 676 367 penuria
702 328 844 367 aquae
872 321 1039 367 praeter
1059 316 1225 356 flumini
1248 318 1422 366 propin-

71 391 158 429 qua
190 379 303 424 loca:
337 389 389 417 ea
422 378 589 417 consita
622 377 808 416 arbustis
841 388 998 426 pecore
1025 381 1156 426 atque
1183 375 1420 416 cultoribus

28 447 46 473 5
72 438 464 488 frequentabantur.

130 497 258 547 Igitur
273 498 315 536 in
338 508 390 537 eo
413 495 534 542 colle,
557 507 687 545 quem
709 500 958 535 transvorso
981 496 1161 535 intinere
1177 500 1488 544 porrectum49

70 556 311 601 docuimus,
332 555 535 606 Iugurtha
551 559 784 595 extenuata
798 565 974 594 suorum
992 556 1084 594 acie
1100 555 1309 595 consedit.
1337 554 1421 595 ele-

68 615 242 664 phantis
268 621 308 655 et
332 616 439 665 parti
461 615 682 664 copiarum
706 614 969 663 pedestrium
992 614 1278 654 Bomilcarem
1301 625 1422 664 prae-

68 674 168 715 fecit
195 686 385 725 eumque
413 674 567 714 edocet
589 684 703 723 quae
723 678 880 723 ageret.
915 675 1008 723 ipse
1030 674 1206 723 propior
1225 677 1421 713 montem

16 741 50 769 10
71 745 168 773 cum
197 735 316 774 omni
345 734 538 784 equitatu
567 737 607 772 et
635 733 854 782 peditibus
882 733 1059 773 delectis
1083 743 1188 773 suos
1209 732 1422 774 conlocat.

69 793 169 833 dein
205 793 400 843 singulas
432 798 595 832 turmas
629 797 669 832 et
701 792 950 842 manipulos
984 793 1238 832 circumiens
1272 796 1423 832 monet
1447 801 1469 834 2

68 857 200 902 atque
229 853 478 897 obtestatur,
512 853 571 891 uti
599 863 816 891 memores
843 852 1049 901 pristinae
1074 852 1241 891 virtutis
1269 856 1309 891 et
1335 852 1422 892 vic-

68 913 204 951 toriae
238 923 335 951 sese
368 922 639 961 regnumque
673 922 798 951 suom
833 911 888 950 ab
916 910 1210 951 Romanorum
1241 912 1422 951 avaritia

69 971 323 1011 defendant:
346 982 443 1010 curn
467 971 516 1009 iis
539 974 755 1009 certamen
777 970 880 1016 fore,
902 982 1014 1019 quos
1036 975 1164 1010 antea
1184 971 1324 1010 victos
1337 970 1420 1010 sub

15 1037 48 1065 15
68 1031 218 1080 iugum
234 1031 445 1075 miserint;
465 1030 619 1068 ducem
636 1029 730 1076 illis,
745 1041 833 1069 non
850 1031 1043 1069 animum
1060 1034 1291 1075 mutatum;
1307 1041 1421 1080 quae

66 1090 121 1129 ab
149 1091 409 1139 imperatore
437 1089 659 1129 decuerint
686 1090 834 1129 omnia
861 1090 951 1128 suis
973 1090 1159 1138 provisa,
1186 1089 1329 1129 locum
1353 1101 1422 1128 su-

66 1150 291 1198 periorem,
320 1153 365 1188 ut
388 1148 622 1198 prudentes
644 1159 741 1187 cum
764 1149 970 1198 inperitis,
997 1160 1051 1188 ne
1073 1150 1300 1198 pauciores
1321 1159 1421 1188 curn

66 1208 260 1257 pluribus
297 1213 371 1247 aut
403 1208 532 1247 rudes
566 1219 663 1246 cum
698 1207 799 1247 belli
833 1208 1086 1248 melioribus
1114 1219 1291 1247 manum
1320 1219 1421 1248 con-

65 1272 266 1307 sererent.
312 1267 493 1316 proinde
534 1267 669 1316 parati
703 1268 944 1317 intentique
977 1273 1122 1307 essent
1156 1268 1281 1317 signo
1316 1267 1420 1307 dato
1447 1278 1468 1311 3

11 1333 47 1360 20
66 1325 289 1366 Romanos
310 1327 533 1366 invadere:
556 1326 676 1365 illum
699 1326 814 1365 diem
836 1331 910 1365 aut
931 1327 1073 1367 omnis
1092 1326 1263 1367 labores
1279 1331 1320 1366 et
1332 1327 1421 1366 vic-

63 1387 195 1425 torias
223 1385 577 1425 confirmaturum
598 1390 672 1424 aut
693 1396 994 1425 maxumarum
1016 1397 1320 1425 aerumnarum
1342 1386 1420 1425 ini-

62 1445 169 1484 tium
197 1445 298 1484 fore.
333 1438 388 1483 ad
410 1444 495 1484 hoc
514 1445 684 1490 viritim,
712 1446 771 1484 uti
794 1456 1015 1495 quemque
1037 1445 1093 1485 ob
1115 1445 1298 1485 militare
1318 1445 1418 1485 faci·
1443 1455 1466 1489 4

62 1515 144 1543 nus
166 1505 353 1553 pecunia
373 1508 448 1543 aut
467 1503 634 1544 honore
656 1504 875 1551 extulerat,
904 1504 1266 1544 conmonefacere
1287 1504 1420 1545 bene-

61 1563 130 1602 fici
165 1564 230 1602 sui
265 1568 306 1602 et
339 1574 439 1602 eum
473 1564 615 1612 ipsum
646 1563 742 1602 aliis
770 1568 999 1610 ostentare,
1034 1568 1254 1613 postremo
1281 1560 1420 1613 (pro)

8 1631 44 1659 25
63 1623 311 1672 quoiusque
357 1623 534 1672 ingenio
581 1622 829 1672 pollicendo
870 1623 1112 1663 minitando
1153 1623 1415 1663 obtestando

60 1681 194 1721 alium
221 1681 306 1721 alio
335 1681 469 1721 modo
497 1682 694 1728 excitare,
721 1693 854 1731 quom
883 1683 1051 1722 interim
1074 1681 1274 1722 Metellus
1296 1683 1417 1732 igna-

61 1752 130 1780 rus
164 1740 355 1780 hostium
383 1745 533 1780 monte
560 1740 820 1791 degrediens
849 1753 946 1780 cum
976 1743 1162 1782 exercitu
1191 1742 1416 1791 conspica-

61 1805 136 1840 tur.
173 1801 312 1849 primo
348 1800 519 1845 dubius,
553 1800 761 1849 quidnam
796 1800 971 1841 insolita
1004 1801 1134 1840 facies
1168 1801 1416 1841 ostenderet
1442 1803 1463 1836 5

62 1879 116 1883 -
144 1870 246 1898 narn
284 1860 391 1899 inter
423 1858 610 1909 virgulta
643 1860 743 1909 equi
776 1859 1082 1910 Numidaeque
1116 1860 1416 1907 consederant,

124 1963 138 1995 1
169 1972 265 2002 quae
285 1988 293 1996 .
307 1989 314 1997 .
327 1987 336 1997 .
356 1965 555 2004 gignuntur
568 1965 681 1997 Prisc.
697 1974 854 2004 yramm.
875 1965 926 1996 ΙΙΙ
941 1968 1044 2003 377,5
1119 1965 1139 1996 2
1154 1965 1254 1996 humi
1267 1988 1275 1998 .
1287 1988 1295 1997 .
1311 1989 1319 1997 .
1333 1965 1414 2004 gig-

60 2013 192 2052 nuntur
224 2011 332 2044 Aras.
358 2021 515 2051 yramm.
542 2012 599 2044 VII
623 2016 694 2051 477,
714 2015 756 2043 32
834 2010 1046 2052 gignuntur]
1080 2015 1277 2044 nascuntur
1307 2013 1415 2044 Aras.

122 2057 140 2090 7
177 2057 348 2098 Iugurtha
368 2082 376 2091 .
398 2083 406 2090 .
427 2082 435 2091 .
456 2060 626 2091 consedit
658 2059 773 2091 Prisc.
799 2069 956 2099 qramm.
983 2060 1032 2091 ΙΙΙ
1054 2063 1160 2099 321,5
1233 2057 1415 2098 consedit]

64 2108 225 2137 montem
252 2106 386 2137 insedit
405 2107 522 2138 Prisc.
602 2106 643 2138 18
670 2107 777 2139 rudes
797 2131 806 2139 .
822 2131 830 2139 .
845 2131 853 2139 .
875 2110 1109 2139 consererent
1133 2108 1239 2139 Aras.
1259 2116 1418 2147 yramm.

67 2152 126 2184 Vll
143 2156 214 2191 492,
229 2156 249 2184 3
324 2153 409 2185 belli
442 2153 531 2185 ΡΑῙ
558 2154 665 2186 Aras.
687 2154 783 2186 bello
817 2155 895 2195 rell„
917 2156 1023 2187 codd.
1092 2162 1285 2186 conserere
1309 2154 1418 2187 Arus.

123 2199 168 2231 24
201 2201 313 2240 vulyo
341 2202 428 2233 add.
510 2201 554 2233 26
581 2209 691 2240 quom
713 2225 722 2233 .
737 2225 746 2234 .
761 2225 769 2233 .
792 2202 1003 2234 ostenderet
1028 2202 1123 2234 Don.
1149 2201 1225 2234 Ter.
1244 2201 1336 2234 Ειιη.
1355 2204 1419 2233 384

127 2248 265 2280 interea
284 2247 380 2280 Don.
432 2248 580 2287 ignarus
596 2249 754 2281 hostium
771 2259 841 2281 om.
857 2249 953 2281 Don.
1029 2249 1073 2281 27
1090 2249 1309 2289 degrediens
1324 2248 1416 2281 XNl

66 2293 275 2334 digrediens
307 2290 395 2326 A²B
431 2297 508 2328 rell.
529 2297 691 2335 itemque
717 2306 746 2328 e.
765 2300 847 2337 50,1
927 2298 1160 2336 conspicatur
1185 2295 1280 2328 Don.
1302 2296 1418 2330 Prisc.

68 2350 225 2381 yramm.
249 2342 298 2373 ΙΙΙ
315 2345 420 2380 43633
446 2344 668 2383 conspicitur
693 2345 799 2376 codd.
