1593 2496
339 61 543 98 BELLUM
571 60 934 98 IUGURTHINUM
965 65 1148 97 102—103
1335 68 1414 107 137

59 175 144 213 iam
174 174 460 213 humanarum
489 185 626 213 rerum
649 173 819 213 fortuna
836 173 1043 223 pleraque
1065 175 1182 223 regit,
1210 175 1313 223 quoi
1336 175 1414 214 sci-

59 233 155 273 licet
177 233 336 282 placuit
359 238 398 273 et
419 234 506 271 vim
529 237 569 272 et
589 234 769 282 gratiam
791 238 981 272 nostram
1004 238 1044 272 te
1067 234 1259 282 experiri,
1287 245 1412 279 nunc,

58 293 236 342 quando
259 304 333 342 per
354 292 470 331 illam
493 292 600 338 licet,
628 292 782 332 festina
803 296 945 341 atque,
973 293 1031 331 uti
1053 293 1247 341 coepisti,
1270 304 1412 342 perge.

59 351 193 391 multa
213 356 343 401 atque
365 356 610 401 opportuna
631 351 778 397 habes,
804 363 891 400 quo
913 351 1079 391 facilius
1102 356 1237 391 errata
1258 352 1411 392 officiis
1429 354 1471 386 10

15 420 34 446 5
60 422 250 460 superes
272 416 491 460 postremo
507 410 647 450 hocin
664 415 814 460 pectus
830 415 950 451 tuom
967 411 1155 457 demitte,
1171 422 1411 461 numquam
1429 413 1467 444 11

56 470 267 519 populum
297 470 539 509 Romanum
574 470 796 509 beneficiis
823 471 985 509 victum
1020 482 1127 510 esse.
1167 482 1267 509 nam
1296 471 1411 511 bello

56 529 159 578 quid
187 529 342 575 valeat,
370 534 458 569 tute
484 526 594 569 scis?

116 588 182 628 Ad
212 600 263 628 ea
289 589 482 628 Bocchus
510 589 679 638 placide
708 594 748 628 et
775 589 976 639 benigne,
1009 589 1137 628 simul
1166 601 1305 638 pauca
1334 602 1409 639 pro
1428 591 1470 622 12

58 647 213 687 delicto
247 659 326 688 suo
356 649 489 688 verba
521 648 635 688 iacit:
670 660 716 687 se
749 660 837 688 non
871 648 1015 688 hostili
1049 649 1210 695 animo,
1243 649 1320 688 sed
1355 650 1411 689 ob

4 715 37 743 ιο
58 718 238 757 regnum
261 707 487 746 tutandum
509 719 628 746 arma
650 709 830 757 cepisse.
858 719 959 746 narn
981 708 1214 748 Numidiae
1236 714 1412 758 partem,
1429 709 1471 742 13

58 767 174 806 unde
206 768 247 805 vi
282 767 528 817 Iugurtham
566 767 786 816 expulerit,
823 768 913 807 iure
946 767 1046 807 belli
1081 779 1205 806 suam
1239 768 1413 815 factam;

56 837 152 864 eam
180 827 336 865 vastari
370 837 395 865 a
423 826 557 865 Mario
591 827 678 876 pati
712 828 976 876 nequivisse.
1014 831 1235 876 praeterea
1264 828 1408 868 missis

54 890 183 924 antea
203 885 385 925 Romam
407 885 560 935 legatis
581 885 800 935 repulsum
822 886 877 926 ab
897 887 1097 927 amicitia.
1127 890 1315 927 ceterum
1335 899 1410 929 ve·
1426 889 1469 921 14

56 952 143 983 tera
171 946 366 984 omittere
394 956 443 984 ac
470 950 572 991 tum,
602 946 636 984 si
665 956 738 994 per
765 945 949 984 Marium
977 945 1132 992 liceret,
1160 946 1328 997 legatos
1356 948 1411 987 ad

3 1011 36 1038 ¹5
57 1009 254 1042 senatum
284 1005 526 1043 missurum.
560 1005 660 1044 dein
689 1006 816 1054 copia
842 1005 953 1044 facta
974 1006 1144 1044 animus
1166 1006 1334 1046 barbari
1357 1008 1411 1047 ab
1428 1008 1471 1039 15

54 1064 205 1102 amicis
239 1063 388 1109 flexus,
421 1075 532 1113 quos
565 1064 779 1114 Iugurtha,
813 1065 988 1114 cognita
1018 1064 1238 1114 legatione
1265 1065 1412 1106 Sullae

56 1127 94 1161 et
123 1122 253 1161 Manli
282 1128 480 1162 metuens
508 1123 562 1169 id,
590 1123 708 1172 quod
737 1124 978 1172 parabatur,
1005 1124 1132 1163 donis
1154 1130 1411 1174 corruperat.

115 1181 272 1221 Marius
295 1183 456 1221 interea
478 1183 664 1222 exercitu
683 1184 725 1221 in
747 1183 1037 1222 hibernaculis
1059 1185 1289 1233 conposito
1312 1196 1409 1224 cum
1425 1182 1506 1221 103

56 1241 266 1289 expeditis
300 1241 549 1281 cohortibus
584 1246 623 1280 et
658 1246 775 1291 parte
809 1243 1025 1291 equitatus
1059 1243 1342 1292 proficiscitur
1369 1245 1410 1283 in

1 1306 36 1333 20
58 1299 152 1339 loca
175 1300 268 1339 sola
285 1301 515 1340 obsessum
530 1302 674 1339 turrim
691 1302 866 1351 regiam,
888 1313 975 1351 quo
991 1302 1193 1351 Iugurtha
1209 1303 1411 1353 perfugas

55 1360 196 1398 omnis
225 1360 489 1408 praesidium
518 1361 778 1409 inposuerat.
813 1366 903 1400 tum
931 1373 1074 1400 rursus
1096 1361 1304 1409 Bocchus,
1332 1374 1410 1402 seu
1438 1363 1458 1394 2

55 1418 296 1467 reputando
325 1430 438 1468 quae
465 1419 546 1458 sibi
574 1419 748 1459 duobus
777 1420 952 1469 proeliis
978 1426 1199 1467 venerant,
1233 1433 1311 1461 seu
1338 1422 1412 1461 ad-

56 1478 244 1516 monitus
279 1478 332 1517 ab
367 1477 461 1517 aliis
488 1479 649 1524 amicis,
683 1490 794 1528 quos
823 1480 1092 1529 incorruptos
1120 1480 1323 1530 Iugurtha
1351 1493 1412 1521 re-

56 1537 247 1585 liquerat,
276 1548 326 1576 ex
355 1539 474 1576 omni
502 1539 628 1587 copia
655 1540 997 1578 necessariorum
1023 1540 1217 1589 quinque
1239 1540 1410 1590 delegit,

0 1601 36 1629 Ξ
55 1607 239 1645 quorum
275 1601 314 1635 et
348 1597 456 1636 fides
491 1598 664 1646 cognita
698 1603 738 1637 et
766 1599 941 1648 ingenia
967 1599 1253 1638 validissuma
1281 1604 1411 1640 erant.

56 1666 132 1694 eos
154 1655 208 1693 ad
231 1655 412 1694 Marium
435 1668 484 1695 ac
506 1657 675 1703 deinde,
698 1658 732 1695 si
755 1657 935 1706 placeat,
955 1657 1139 1697 Romam
1162 1658 1330 1708 legatos
1352 1660 1410 1699 ire
1438 1659 1458 1690 3

56 1714 185 1760 iubet,
212 1715 484 1764 agundarum
507 1727 644 1755 rerum
668 1721 708 1756 et
729 1728 1009 1766 quocumque
1031 1718 1164 1757 modo
1187 1718 1288 1758 belli
1311 1730 1410 1758 con-

56 1774 253 1822 ponundi
275 1774 492 1814 licentiam
515 1776 619 1824 ipsis
641 1776 854 1824 permittit.
888 1776 945 1815 illi
968 1781 1133 1815 mature
1155 1777 1209 1816 ad
1232 1778 1412 1817 hiberna
1438 1777 1458 1808 4

54 1831 347 1872 Romanorum
376 1834 713 1882 proficiscuntur,
740 1835 899 1875 deinde
927 1837 969 1874 in
997 1836 1146 1875 itinere
1170 1848 1195 1875 a
1217 1836 1411 1876 Gaetulis

0 1897 36 1924 30
55 1890 293 1931 latronibus
315 1893 594 1932 circumventi
617 1894 879 1944 spoliatique
901 1895 1047 1943 pavidi
1070 1896 1163 1935 sine
1183 1896 1340 1936 decore
1355 1896 1410 1935 ad

113 1985 132 2014 2
161 1990 194 2016 te
221 1994 250 2016 s.
271 1995 299 2017 s.
322 1985 496 2018 ANHFs
578 1987 598 2019 3
626 1989 774 2026 quando
801 1983 1103 2020 VPA²CBK²m
1130 1990 1304 2027 quoniam
1333 1990 1410 2021 rell.

117 2034 226 2070 atque
250 2028 509 2065 VPA²CBK²
528 2044 598 2066 om.
621 2035 698 2066 rell.
772 2036 793 2066 4
821 2035 953 2067 officiis
974 2046 1003 2067 s.
1024 2046 1053 2068 s.
1075 2036 1192 2067 AKM
1212 2046 1283 2068 om.
1304 2036 1411 2068 NHF

117 2079 136 2108 5
164 2079 313 2112 demitte
339 2080 437 2112 VFn
466 2082 605 2114 dimitte
633 2083 710 2114 rell.
794 2082 815 2113 6
843 2080 1052 2123 p(opulum)
1080 2081 1303 2123 r(omanum)
1330 2093 1359 2115 s.
1380 2095 1409 2116 s.

56 2125 89 2157 A
122 2135 192 2158 om.
214 2135 246 2157 m
297 2135 322 2158 r.
346 2136 378 2165 p.
399 2128 472 2159 NH
545 2128 567 2160 9
594 2130 641 2160 ob
669 2139 739 2161 om.
760 2129 828 2161 ΡΝ
842 2127 924 2161 an
951 2130 997 2161 ad
1024 2131 1034 2161 l
1109 2130 1154 2162 20
1182 2129 1315 2169 turrim]
1344 2132 1410 2163 cir-

57 2174 118 2204 rim
140 2173 168 2204 P
218 2173 259 2204 21
276 2173 445 2206 Bocchus
459 2184 524 2207 seu
540 2176 613 2208 Cls
628 2176 807 2208 Bocchus.
828 2177 979 2209 feliciter
993 2187 1059 2210 seu
1076 2179 1152 2210 rell.
1204 2178 1248 2209 24
1264 2187 1287 2210 α
1302 2180 1407 2217 quin-

55 2228 128 2259 que
154 2221 292 2253 lacuna
320 2223 535 2255 mutilorum
563 2224 704 2264 incipit,
734 2234 830 2264 quae
856 2226 907 2256 ad
934 2235 961 2256 c.
984 2228 1088 2264 112,3
1113 2226 1222 2260 vellet
1245 2227 1412 2265 pertinet

116 2267 160 2299 28
181 2268 270 2306 ipsis
283 2267 457 2305 HMQRI
478 2270 548 2302 illis
570 2272 647 2303 rell.
716 2272 761 2304 30
781 2273 861 2303 sine
882 2272 1014 2304 decore
1030 2273 1151 2311 pavidi
1168 2273 1214 2304 ad
1229 2272 1364 2304 Sullam
1383 2273 1410 2304 C

46 2311 139 2353 'pav.
161 2315 206 2346 ad
234 2315 268 2347 S.
289 2316 370 2347 sine
397 2317 475 2348 dec.
497 2317 533 2349 M
559 2319 640 2350 sine
667 2319 798 2351 decore
826 2328 895 2351 om.
923 2319 1119 2356 HDan

130 2375 327 2403 Sallustius:
352 2377 507 2407 Catilina.
530 2379 692 2413 Iugurtha
726 2380 777 2406 ed.
794 2379 955 2414 Ahlberg.
974 2380 1120 2413 (Maior.)
1149 2376 1193 2411 10
