1593 2496
149 78 241 119 ἶ,126
583 71 623 108 C.
645 72 888 110 SALLUSTI
915 72 1073 110 CRISPI

152 184 245 224 nita
277 184 556 231 contulerant,
589 196 691 235 ager
723 190 867 225 autem
901 186 1046 226 aridus
1074 190 1115 226 et
1141 186 1309 237 frugum
1343 199 1507 228 vacuos

157 255 210 284 ea
242 248 511 294 tempestate,
544 255 645 283 nam
674 246 849 284 aestatis
877 250 1115 285 extremum
1145 251 1232 285 erat
1261 266 1327 293 -,
1359 252 1505 287 tamen

107 305 126 336 2
154 314 231 353 pro
270 304 327 343 rei
361 305 489 353 copia
520 305 624 343 satis
659 304 934 353 providenter
967 309 1156 345 exornat.
1196 317 1330 354 pecus
1364 317 1506 353 omne,

105 602 126 633 :3

153 362 272 412 quod
301 363 594 412 superioribus
622 363 778 403 diebus
806 364 994 412 praedae
1020 364 1167 410 fuerat,
1195 365 1413 414 equitibus
1434 377 1508 405 au-

148 421 328 461 xiliariis
361 422 586 472 agundum
620 422 835 469 adtribuit,
868 422 917 463 A.
945 423 1155 462 Manlium
1189 423 1379 474 legatum
1408 436 1506 464 cum
1537 434 1556 461 5

154 481 404 521 cohortibus
432 481 646 530 expeditis
672 482 727 521 ad
754 482 965 531 oppidum
988 482 1117 528 Laris,
1145 483 1218 522 ubi
1240 484 1505 532 stipendium

154 545 195 580 et
222 545 514 580 commeatum
543 541 771 587 locaverat,
805 542 864 580 ire
891 542 1009 581 iubet
1037 541 1226 591 dicitque
1253 554 1299 582 se
1327 543 1507 592 praeda-

153 600 351 639 bundum
373 604 471 649 post
493 611 658 648 paucos
680 600 773 640 dies
796 601 953 640 eodem
974 606 1216 641 venturum.
1250 602 1311 641 sic
1332 603 1505 651 incepto

88 658 137 695 91
154 670 234 698 suo
251 659 466 699 occultato
484 659 621 709 pergit
636 659 691 698 ad
707 659 870 699 flumen
885 660 1064 700 Tanain.
1093 665 1281 699 ceterum
1298 662 1340 700 in
1356 662 1506 701 itinere

105 957 126 988 2

104 1195 125 1226 3

154 718 330 758 cottidie
346 729 478 768 pecus
495 719 698 758 exercitui
715 730 789 768 per
804 720 1029 765 centurias,
1052 721 1154 759 item
1169 724 1331 759 turmas
1346 731 1505 770 aequa·
1526 730 1560 757 10

152 777 246 817 liter
273 777 544 817 distribuerat
572 782 623 824 et,
652 789 703 818 ex
731 779 856 818 coriis
884 782 998 818 utres
1026 779 1085 818 uti
1114 779 1276 825 fierent,
1310 780 1505 826 curabat3

151 837 281 876 simul
303 837 496 886 inopiam
518 837 717 877 frumenti
739 837 872 877 lenire
894 842 933 877 et
956 839 1114 888 ignaris
1137 839 1340 878 omnibus
1356 850 1506 888 parare

153 907 266 945 quae
282 907 382 936 mox
399 897 495 935 usui
512 896 661 936 forent.
684 897 873 947 denique
885 901 1007 937 sexto
1024 897 1107 943 die,
1122 909 1256 947 quom
1271 898 1326 936 ad
1342 898 1505 937 flumen

151 960 332 995 ventum
361 960 436 1001 est,
463 967 668 995 maxuma
694 958 759 995 vis
788 957 944 995 utrium
972 957 1135 996 effecta.
1169 957 1227 996 ibi
1252 958 1398 996 castris
1420 957 1505 997 levi

152 1015 424 1055 munimento
447 1016 599 1064 positis
620 1015 778 1055 milites
799 1016 943 1055 cibum
966 1027 1120 1064 capere
1136 1020 1279 1065 atque,
1301 1017 1360 1055 uti
1376 1017 1504 1056 simul
1527 1026 1560 1052 15

152 1085 251 1113 cum
279 1085 437 1114 occasu
465 1075 569 1114 solis
598 1075 914 1124 egrederentur,
942 1079 1115 1124 paratos
1138 1086 1235 1114 esse
1256 1076 1387 1121 iubet,
1415 1087 1506 1115 om-

152 1133 280 1172 nibus
318 1135 494 1173 sarcinis
530 1134 709 1174 abiectis
746 1145 861 1183 aqua
897 1134 1031 1174 modo
1067 1145 1204 1183 seque
1239 1138 1279 1174 et
1312 1136 1505 1174 iumenta

153 1204 345 1233 onerare.
372 1193 472 1233 dein
495 1197 728 1243 postquam
750 1197 922 1243 tempus
937 1194 1091 1239 visum,
1114 1194 1260 1232 castris
1277 1194 1503 1243 egreditur,

150 1256 415 1302 noctemque
442 1257 576 1293 totam
605 1254 754 1292 itinere
779 1252 890 1292 facto
913 1253 1128 1298 consedit;
1156 1252 1270 1291 idern
1293 1264 1504 1302 proxuma

152 1311 268 1356 facin
297 1312 396 1351 dein
425 1313 546 1351 tertia
573 1312 708 1352 multo
736 1316 836 1352 ante
858 1312 964 1351 lucis
986 1312 1223 1351 adventum
1246 1313 1441 1361 pervenit
1462 1313 1503 1351 in
1524 1321 1561 1348 20

153 1370 297 1410 locum
326 1371 593 1411 tumulosum
621 1371 676 1410 ab
699 1370 841 1420 Capsa
862 1382 949 1411 non
971 1371 1158 1420 amplius
1181 1371 1315 1410 duum
1338 1371 1503 1410 milium

153 1430 391 1475 intervallo,
420 1431 566 1479 ibique
594 1442 725 1480 quam
753 1430 1060 1470 occultissume
1084 1434 1227 1479 potest
1248 1442 1345 1469 cum
1368 1431 1505 1470 omni-

152 1489 234 1528 bus
269 1490 405 1539 copiis
439 1491 670 1538 opperitur.
709 1490 786 1529 sed
820 1490 893 1529 ubi
927 1490 1019 1529 dies
1051 1490 1194 1538 coepit
1222 1494 1262 1529 et
1290 1489 1504 1529 Numidae

152 1548 257 1587 nihil
278 1548 434 1588 hostile
450 1553 692 1588 metuentes
708 1549 829 1588 multi
845 1549 1010 1598 oppido
1028 1550 1201 1598 egressi,
1222 1553 1398 1598 repente
1414 1560 1504 1588 om-

153 1619 253 1647 nem
288 1609 526 1657 equitatum
562 1612 602 1647 et
635 1620 732 1647 cum
761 1609 810 1647 iis
837 1608 1155 1648 velocissumos
1183 1608 1349 1657 pedites
1377 1619 1502 1647 cursu
1523 1616 1559 1644 25

153 1667 330 1706 tendere
351 1667 406 1706 ad
423 1666 610 1716 Capsam
633 1672 674 1707 et
695 1671 840 1716 portas
862 1667 1063 1707 obsidere
1079 1667 1214 1712 iubet;
1236 1667 1395 1706 deinde
1410 1668 1503 1716 ipse

154 1727 343 1766 intentus
380 1737 562 1776 propere
598 1728 721 1776 sequi
755 1738 898 1776 neque
932 1726 1088 1766 milites
1122 1726 1317 1775 praedari
1350 1727 1502 1765 sinere.

153 1796 267 1834 quae
289 1789 521 1835 postquam
544 1786 753 1835 oppidani
775 1796 1033 1835 cognovere,
1055 1797 1120 1824 res
1136 1785 1340 1834 trepidae,
1362 1789 1503 1824 metus

153 1845 320 1894 ingens,
354 1845 515 1883 malum
546 1846 832 1894 inprovisum,
865 1845 920 1883 ad
954 1845 1037 1884 hoc
1071 1855 1167 1893 pars
1199 1845 1357 1883 civium
1386 1848 1503 1883 extra

154 1905 329 1943 moenia
351 1905 392 1943 in
415 1904 604 1944 hostium
628 1908 841 1953 potestate
863 1914 1057 1954 coegere,
1078 1904 1138 1942 uti
1160 1903 1426 1943 deditionem
1445 1903 1503 1942 fa·
1521 1912 1557 1939 30

154 1967 308 2003 cerent.
349 1967 537 2003 ceterum
566 1964 778 2012 oppidum
806 1965 1043 2008 incensum,
1073 1961 1290 2002 Numidae
1317 1962 1502 2011 puberes

154 2022 373 2067 interfecti,
400 2022 472 2062 alii
493 2033 647 2062 omnes
668 2023 918 2067 venundati,
942 2021 1101 2071 praeda
1123 2021 1329 2060 militibus
1351 2021 1502 2061 divisa.

154 2080 195 2119 id
230 2081 395 2120 facinus
429 2086 576 2121 contra
610 2083 675 2120 ius
709 2081 809 2121 belli
843 2092 930 2121 non
964 2081 1143 2119 avaritia
1170 2092 1313 2130 neque
1339 2080 1502 2120 scelere

215 2185 231 2217 1
266 2194 353 2225 ager
379 2209 387 2218 .
411 2211 417 2218 .
439 2212 446 2218 .
473 2195 611 2218 vacuos
648 2186 743 2218 Non.
768 2196 805 2226 ρ.
826 2189 896 2225 498,
910 2189 951 2217 30
989 2185 1096 2217 Aras.
1122 2194 1279 2224 yramm.
1299 2185 1357 2216 Vll
1378 2188 1503 2223 514,13

210 2235 330 2265 autem
359 2233 479 2265 aridus
505 2236 541 2266 et
561 2243 631 2266 om.
653 2234 758 2265 Aras.
838 2233 859 2265 5
885 2232 1073 2264 Manilium
1095 2227 1318 2264 P¹A¹B2N1
1391 2231 1413 2262 9
1433 2231 1502 2263 Ta-

154 2279 240 2311 nain
277 2280 428 2313 PAFls
460 2280 611 2312 Tanaim
652 2282 730 2313 rell.
855 2280 896 2311 12
929 2281 1035 2311 simul
1067 2282 1102 2312 et
1135 2277 1284 2311 Han
1317 2279 1436 2311 statim
1470 2278 1501 2310 A

148 2355 150 2359 ,
215 2326 258 2358 19
283 2328 368 2360 item
396 2327 512 2359 ANK
