1593 2496
110 56 165 94 50
537 48 577 85 c.
599 49 843 85 SALLusri
871 49 1029 86 CRISPI

50 164 93 198 21
115 163 422 203 circumvenire
450 165 592 211 queat,
626 161 856 210 prohibent
883 162 1110 211 angustiae
1138 161 1232 202 loci.
1278 161 1396 212 q'uod
1424 164 1459 202 si

112 223 255 262 virtuti
287 226 460 261 vostrae
494 220 663 260 fortuna
696 220 906 266 inviderit,
940 225 1090 260 cavete
1120 221 1241 260 inulti
1269 222 1458 260 animam

113 281 330 327 amittatis,
369 291 453 319 neu
494 281 606 328 capti
647 280 790 328 potius
827 280 950 318 sicuti
988 291 1145 329 pecora
1177 280 1460 326 trucidemini,

59 359 63 362 -
113 352 245 391 quam
271 341 460 379 virorum
489 350 608 379 more
636 344 880 388 pugnantes
904 343 1124 378 cruentam
1146 343 1276 389 atque
1296 339 1460 379 luctuo-

114 404 208 439 sam
235 399 459 438 victoriam
488 398 686 437 hostibus
713 394 992 447 relinquatis.'

49 461 115 500 59·
175 459 294 498 Haec
326 458 398 497 ubi
432 458 548 502 dixit,
582 456 805 506 paululum
840 461 1116 496 conmoratus
1150 458 1275 506 signa
1308 463 1460 497 canere

60 515 62 517 ’
114 519 233 558 iubet
254 523 384 566 atque
406 518 635 556 instructos
657 516 830 556 ordines
852 515 1053 555 inlocum
1069 527 1258 565 aequom
1274 516 1461 556 deducit.

60 576 61 580 ’
115 579 215 617 dein
249 577 423 616 remotis
457 576 653 615 omnium
688 576 822 624 equis,
855 586 942 624 quo
978 575 1183 614 militibus
1218 580 1460 625 exaequato

114 636 306 686 periculo
343 637 513 674 animus
550 634 733 683 amplior
769 638 894 679 esset,
931 635 1024 683 ipse
1060 634 1195 683 pedes
1229 636 1460 674 exercitum

1497 406 1514 431 ὅ

66 703 87 734 2
117 708 192 745 pro
226 696 323 735 loco
358 700 487 744 atque
521 694 657 743 copiis
691 693 869 732 instruit.
914 704 1027 739 nam,
1060 695 1120 732 uti
1148 693 1347 742 planities
1374 699 1462 733 erat
1479 700 1512 726 1⁶1

106 757 222 795 inter
257 755 452 794 sinistros
490 754 648 793 montis
682 757 722 792 et
755 753 809 792 ab
843 752 992 791 dextra
1024 763 1129 801 rupe
1162 763 1327 802 aspera,
1363 757 1461 793 octo

116 815 303 855 cohortis
325 815 366 853 in
389 814 526 853 fronte
542 813 772 857 constituit,
793 811 1052 861 reliquarum
1068 813 1193 861 signa
1207 813 1250 850 in
1266 811 1461 851 subsidio

61 881 86 912 3
115 875 246 913 artius
268 874 478 913 conlocat.
518 872 572 911 ab
595 872 644 911 iis
667 873 952 916 centuriones,
980 871 1122 910 omnis
1144 871 1278 911 lectos
1300 876 1340 911 et
1362 882 1462 911 evo-

116 938 247 978 catos,
264 938 483 982 praeterea
499 943 550 971 ex
563 931 769 981 gregariis
782 930 989 969 militibus
1002 935 1229 979 optumum
1243 941 1462 982 quemque

56 1002 58 1012 ³
115 998 328 1031 armatum
368 993 409 1030 in
451 992 631 1040 primam
669 991 806 1029 aciem
843 989 1056 1029 subducit.
1102 988 1144 1029 C.
1173 989 1381 1028 Manlium
1418 990 1461 1028 in
1482 996 1515 1022 15

114 1052 275 1097 dextra,
309 1050 597 1090 Faesulanum
631 1049 851 1099 quendam
886 1049 927 1087 in
961 1049 1131 1088 sinistra
1165 1053 1283 1097 parte
1316 1059 1462 1088 curare

115 1112 245 1151 iubet.
284 1112 377 1160 ipse
406 1121 502 1149 cum
530 1109 690 1148 libertis
719 1113 759 1148 et
786 1108 953 1147 colonis
981 1112 1153 1156 propter
1177 1107 1367 1157 aquilam
1389 1107 1462 1146 ad-

116 1171 236 1216 sistit,
252 1181 383 1219 quam
400 1169 515 1208 bello
532 1168 744 1208 Cimbrico
763 1167 805 1207 C.
818 1167 979 1206 Marius
995 1167 1037 1205 in
1053 1168 1240 1206 exercitu
1256 1167 1462 1206 habuisse

51 1236 87 1267 -4
116 1230 350 1270 dicebatur.
389 1234 431 1268 at
453 1240 504 1267 ex
526 1228 658 1267 altera
679 1231 797 1276 parte
819 1225 862 1266 C.
878 1225 1106 1271 Antonius
1128 1225 1312 1275 pedibus
1334 1237 1463 1276 aeger

117 1289 236 1338 quod
270 1288 434 1338 proelio
469 1287 625 1326 adesse
651 1286 870 1335 nequibat,
904 1285 959 1324 M.
980 1285 1145 1325 Petreio
1174 1285 1317 1334 legato
1346 1296 1462 1325 exer-

67 1355 87 1386 5
117 1350 247 1388 citum
285 1348 498 1397 permittit.
544 1346 614 1385 ille
650 1346 838 1385 cohortis
874 1349 1114 1390 veteranas,
1150 1355 1258 1394 quas
1291 1344 1461 1383 tumulti

53 1416 55 1418 ·
117 1419 249 1447 causa
281 1407 604 1455 conscripserat,
637 1406 679 1443 in
713 1405 862 1449 fronte,
897 1408 994 1453 post
1029 1414 1102 1443 eas
1131 1407 1318 1442 ceterum
1347 1414 1462 1443 exer-

117 1467 247 1506 citum
282 1467 323 1505 in
357 1465 562 1505 subsidiis
596 1465 719 1504 locat.
766 1465 858 1512 ipse
892 1474 1005 1512 equo
1040 1463 1294 1502 circumiens
1329 1474 1462 1501 unum

117 1537 337 1576 quemque
364 1526 596 1564 nominans
624 1523 826 1572 appellat,
854 1522 1056 1567 hortatur,
1083 1526 1217 1571 rogat,
1244 1526 1289 1560 ut
1316 1522 1463 1561 merni-

117 1586 255 1624 nerint
282 1596 329 1624 se
357 1589 503 1624 contra
532 1583 718 1622 latrones
740 1583 913 1621 inermis
936 1592 1011 1630 pro
1035 1581 1181 1630 patria,
1210 1592 1285 1629 pro
1308 1580 1462 1626 liberis,
1483 1587 1515 1613 25
1580 1612 1584 1615 .

59 1650 89 1682 06
120 1656 194 1692 pro
223 1645 305 1683 aris
333 1649 463 1692 atque
490 1643 597 1682 focis
624 1643 712 1681 suis
741 1646 911 1680 certare.
952 1640 1084 1679 homo
1112 1639 1316 1685 militaris,
1344 1639 1462 1688 quod

118 1703 305 1752 amplius
321 1714 459 1741 annos
475 1703 646 1751 triginta
662 1701 856 1739 tribunus
873 1705 945 1738 aut
962 1699 1199 1748 praefectus
1213 1704 1284 1738 aut
1296 1699 1463 1748 legatus

118 1768 190 1801 aut
214 1767 382 1811 praetor
404 1773 499 1800 cum
522 1771 680 1810 magna
703 1759 839 1809 gloria
860 1760 900 1798 in
924 1759 1109 1797 exercitu
1131 1757 1276 1802 fuerat,
1304 1758 1464 1806 pleros-

177 1879 197 1910 2
224 1881 350 1910 cavete
383 1877 596 1909 XNHDlm
633 1880 759 1908 cavete
792 1884 838 1907 ne
870 1871 1093 1907 VA¹KPsn
1195 1874 1235 1906 13
1268 1875 1313 1905 ab
1344 1875 1439 1906 iis..

119 1931 293 1958 evocatos
319 1926 418 1958 Serv.
439 1925 525 1956 Aen.
546 1929 576 1963 2,
593 1928 653 1956 157
703 1932 830 1955 omnes
857 1927 1031 1954 evocatos
1057 1924 1093 1953 et
1113 1922 1345 1953 centuriones
1364 1920 1463 1953 Serv.

182 1974 224 2004 14
246 1977 434 2011 optumum
458 1997 465 2004 .
483 1997 489 2004 .
507 1997 514 2004 .
535 1972 705 2004 subducit
725 1971 877 2010 Ayroee.
896 1979 1053 2010 yramm.
1072 1969 1128 2001 Vll
1147 1972 1216 2007 119,
1231 1972 1271 2000 24
1348 1968 1389 2000 15
1411 1977 1462 1999 ar«

120 2024 253 2052 matum
281 2029 351 2051 om.
373 2021 523 2059 Agroec.
598 2019 769 2050 subduxit
796 2019 945 2057 Ayroec.
1022 2016 1064 2047 17
1097 2016 1240 2048 colonis
1267 2012 1463 2047 C²H1¹sm

120 2069 275 2100 coloniis
309 2062 521 2099 A³C¹BKn
555 2066 748 2098 colonibus
776 2060 934 2102 PA¹N1,
963 2073 993 2095 υ.
1015 2073 1042 2095 c.
1063 2066 1144 2102 28,4
1171 2073 1219 2095 (ιη
1248 2062 1465 2094 calonibus?

182 2115 224 2146 19
251 2115 407 2154 pedibus
433 2123 543 2153 aeger
562 2114 669 2145 Aras.
689 2121 845 2153 yramm.
866 2111 923 2143 Vll
939 2114 1010 2148 453,
1028 2115 1042 2142 1
1142 2111 1182 2142 21
1213 2110 1273 2142 ille
1295 2134 1325 2142 ..
1342 2134 1349 2141 .
1370 2110 1465 2141 locat

119 2163 214 2194 Non.
227 2172 264 2202 ρ.
279 2165 349 2199 489,
363 2165 404 2193 34
431 2161 570 2192 tumulti
591 2160 684 2192 Non.
700 2160 872 2191 tumultus
898 2159 1005 2190 codd.
1057 2157 1100 2189 25
1121 2161 1246 2189 contra
1262 2181 1269 2188 .
1283 2181 1290 2189 .
1307 2182 1314 2188 .
1330 2156 1464 2189 certare

106 2210 226 2241 Aras.
245 2218 402 2249 qramm.
422 2209 478 2239 Vll
496 2212 566 2247 459,
584 2212 598 2239 1
673 2207 858 2238 inhermos
884 2205 911 2237 P
986 2214 1048 2244 pro
1076 2206 1197 2236 liberis
1220 2230 1225 2236 .
1243 2229 1249 2235 .
1267 2228 1273 2235 .
1294 2205 1368 2235 suis
1395 2213 1464 2235 om.

121 2257 226 2289 Artis.
283 2256 346 2287 -26
372 2257 483 2287 homo
506 2256 666 2287 militaris
686 2255 794 2286 Prob.
817 2255 901 2285 inst.
922 2262 1077 2292 (flamm.
1101 2252 1146 2283 IV
1161 2256 1211 2289 85,
1227 2256 1245 2282 5
1320 2251 1362 2282 27
1391 2260 1464 2282 am-

120 2305 216 2344 plius
239 2318 247 2335 :
263 2329 293 2335 ..
315 2303 427 2333 tuerat
457 2304 559 2333 Aras.
581 2311 735 2340 qramm.
756 2301 812 2332 Vll
832 2305 900 2336 451,
920 2304 955 2330 l?

1481 1291 1514 1318 2¹)
