1593 2496
13 724 46 750 10

14 1021 47 1046 15

13 1318 47 1344 20

365 68 569 105 BELLUM
599 66 962 104 1UGURTH1NUM
985 70 1124 102 31—32
1364 72 1417 111 81¹

68 182 182 222 hosti
203 193 425 221 acerrumo
449 181 618 231 prodita
639 183 816 219 senatus
838 180 1082 226 auctoritas,
1105 178 1322 228 proditum
1345 180 1421 218 im-

69 242 234 290 perium
248 245 442 281 vostrum
459 245 540 286 est;
561 240 680 280 domi
699 238 966 288 militiaeque
982 250 1048 278 res
1064 238 1238 288 publica
1251 239 1420 278 venalis

68 300 156 340 fuit.
189 311 302 350 quae
322 301 405 339 nisi
427 300 626 349 quaesita
647 302 780 343 erunt,
801 299 883 338 nisi
904 298 1173 337 vindicatum
1192 298 1235 336 in
1251 297 1419 343 noxios,
1437 300 1483 332 26

68 360 173 409 quid
195 360 270 399 erit
292 359 517 409 reliquom,
538 359 621 398 nisi
643 363 688 398 ut
710 356 792 397 illis
814 358 888 407 qui
910 368 962 398 ea
977 358 1116 397 fecere
1132 357 1420 397 oboedientes

67 420 298 458 vivamus?
336 430 437 457 nam
465 419 644 467 impune
669 427 783 467 quae
805 416 923 456 lubet
944 417 1095 463 facere,
1123 416 1165 456 id
1188 421 1252 456 est
1272 427 1419 466 regem

68 489 175 518 esse.
214 489 357 527 neque
392 489 475 527 ego
502 488 595 523 vos,
629 476 829 523 Quirites,
863 476 1020 523 hortor,
1053 482 1099 516 ut
1125 475 1282 515 malitis
1311 477 1420 515 civis
1437 477 1482 510 27

66 542 237 578 vostros
258 548 484 587 perperam
506 548 637 587 quam
660 540 773 577 recte
791 536 956 582 fecisse,
978 536 1056 576 sed
1072 547 1127 575 ne
1143 535 1418 585 ignoscundo

68 596 192 636 malis
219 597 361 637 bonos
389 596 602 646 perditum
629 596 747 636 eatis.
775 596 830 634 ad
852 596 936 635 hoc
957 597 998 634 in
1021 606 1064 635 re
1086 595 1260 644 publica
1281 595 1417 635 multo
1436 596 1481 628 28

69 660 255 704 praestat
288 656 471 695 benefici
505 667 636 705 quam
668 655 854 695 malefici
881 655 1167 695 inmemorem
1196 666 1310 694 esse:
1346 655 1421 694 bo-

67 726 148 754 nus
175 715 480 755 tantummodo
505 716 679 765 segnior
700 715 756 761 fit,
784 715 857 755 ubi
879 714 1101 764 neglegas,
1129 719 1171 753 at
1191 714 1332 753 malus
1360 715 1421 753 in-

68 775 252 823 probior.
291 775 347 814 ad
375 775 459 814 hoc
485 775 520 814 si
549 775 730 814 iniuriae
757 786 845 814 non
871 775 966 820 sint,
994 773 1111 813 haud
1134 785 1267 823 saepe
1288 774 1419 812 auxili
1439 776 1485 807 29

65 830 225 883 egeas.'

127 893 245 933 Haec
281 899 411 943 atque
448 893 532 932 alia
567 892 749 933 huiusce
784 893 904 933 modi
942 903 1075 942 saepe
1113 889 1187 941 [in]
1228 890 1490 932 dicund032

67 951 299 992 Memmius
315 951 480 1002 populo
497 952 740 1002 persuadet,
762 953 822 991 uti
837 951 880 992 L.
897 951 1085 997 Cassius,
1104 953 1177 1001 qui
1193 956 1283 991 tum
1300 963 1421 1001 prae-

67 1018 131 1051 tor
153 1016 252 1057 erat,
273 1012 327 1051 ad
343 1011 591 1061 Iugurtham
610 1012 846 1051 mitteretur
859 1022 1048 1060 eumque
1064 1012 1319 1060 interposita
1333 1011 1421 1050 fide

69 1071 242 1119 publica
261 1070 444 1111 Romam
467 1071 654 1117 duceret,
675 1082 763 1120 quo
783 1071 950 1110 facilius
965 1071 1126 1111 indicio
1144 1072 1254 1120 regis
1270 1070 1419 1110 Scauri

68 1135 108 1169 et
135 1130 410 1180 reliquorum,
438 1141 550 1180 quos
573 1131 786 1180 pecuniae
808 1135 962 1180 captae
983 1130 1241 1177 arcessebat,
1263 1130 1421 1169 delicta

68 1190 331 1238 patefierent.

126 1247 239 1288 Dum
274 1249 383 1289 haec
415 1248 580 1289 Romae
616 1253 832 1299 geruntur,
871 1250 944 1298 qui
978 1250 1020 1288 in
1047 1249 1254 1288 Numidia
1287 1249 1420 1288 relicti
1448 1251 1468 1283 2

68 1319 92 1347 a
119 1308 264 1347 Bestia
291 1309 495 1348 exercitui
522 1313 759 1357 praeerant,
793 1310 927 1348 secuti
956 1319 1121 1348 morem
1148 1309 1420 1357 imperatoris

68 1368 133 1406 sui
170 1367 369 1416 pluruma
406 1372 447 1407 et
483 1367 841 1418 flagitiosissuma
876 1367 1068 1408 facinora
1104 1368 1256 1408 fecere.
1302 1367 1420 1407 fuere
1448 1370 1473 1402 3

68 1427 140 1475 qui
174 1437 278 1466 auro
313 1428 499 1476 corrupti
533 1427 791 1476 elephantos
824 1426 1055 1477 Iugurthae
1088 1427 1314 1473 traderent,
1347 1427 1420 1466 alii

69 1485 269 1536 perfugas
301 1483 586 1535 vendere[nt],
614 1498 711 1535 pars
746 1497 799 1526 ex
821 1487 985 1535 pacatis
1007 1487 1192 1536 praedas
1212 1486 1419 1536 agebant:

68 1549 186 1584 tanta
214 1546 280 1584 vis
308 1546 514 1585 avaritiae
540 1546 583 1584 in
611 1547 782 1585 animos
810 1557 960 1585 eorum
987 1546 1121 1585 veluti
1149 1546 1272 1585 tabes
1300 1547 1420 1585 inva-
1447 1549 1468 1580 4

13 1613 30 1640 2
68 1609 192 1643 serat.
225 1610 267 1644 at
289 1603 465 1644 Cassius
487 1609 657 1654 praetor
677 1604 841 1654 perlata
862 1606 1089 1655 rogatione
1111 1616 1135 1644 a
1155 1604 1419 1645 C.Memmio
1447 1608 1473 1639 5

71 1674 121 1703 ac
153 1663 351 1713 perculsa
381 1665 500 1704 omni
527 1664 752 1704 nobilitate
779 1664 834 1703 ad
861 1664 1110 1714 Iugurtham
1138 1665 1422 1714 proficiscitur

68 1723 197 1772 eique
224 1723 376 1763 timido
405 1728 446 1763 et
473 1734 524 1763 ex
547 1724 813 1763 conscientia
834 1723 1045 1763 diffidenti
1068 1724 1196 1763 rebus
1217 1725 1307 1763 suis
1328 1735 1421 1773 per-

69 1782 234 1828 suadet,
268 1783 476 1831 quoniam
512 1794 558 1822 se
587 1783 751 1832 populo
779 1782 976 1823 Romano
1012 1783 1215 1829 dedisset,
1248 1794 1304 1823 ne
1329 1784 1419 1822 vim

69 1851 200 1890 quam
222 1842 560 1881 misericordiam
584 1842 676 1882 eius
694 1843 874 1891 experiri
901 1842 1059 1882 mallet.
1087 1843 1284 1891 privatim
1300 1853 1421 1892 prae-

69 1905 186 1940 terea
200 1901 332 1940 fidem
348 1912 472 1940 suam
490 1902 736 1950 interponit,
755 1913 886 1951 quam
903 1901 974 1941 ille
989 1913 1077 1941 non
1094 1903 1272 1941 minoris
1287 1913 1419 1951 quam

70 1959 288 2007 publicam
305 1960 507 1999 ducebat:
523 1961 620 1999 talis
631 1972 682 2000 ea
693 1965 951 2010 tempestate
961 1961 1077 2000 fama
1089 1961 1144 2000 de
1154 1960 1306 2001 Cassio
1317 1966 1419 2000 erat.

127 2040 148 2072 2
175 2044 229 2072 est
250 2050 320 2073 om.
342 2041 401 2073 Ys
475 2042 496 2074 3
517 2043 587 2074 nisi
610 2065 642 2074 ..
658 2067 665 2074 .
686 2043 819 2074 noxios
838 2042 959 2074 Diom.
979 2051 1137 2081 mamm.
1151 2042 1168 2073 I
1184 2046 1256 2081 365,
1271 2046 1292 2073 2
1339 2043 1417 2073 vin-

69 2087 233 2119 dicantur
258 2088 291 2121 V
315 2089 538 2121 vindicatum
566 2089 671 2121 fuerit
697 2089 817 2122 Diom.
884 2089 906 2121 9
933 2089 1091 2122 benefici
1119 2098 1315 2122 memorem
1336 2097 1422 2121 esse

69 2144 177 2174 quam
200 2135 370 2168 maleficii
389 2131 477 2168 VP²
544 2132 1049 2178 inmemoremysls‘memorem
1068 2137 1101 2169 N
1122 2145 1319 2169 memorem
1341 2137 1420 2168 rell.

69 2180 121 2220 (in
141 2192 171 2215 s.
191 2192 218 2214 s.
241 2181 357 2222 KTF)
463 2183 506 2216 13
534 2185 645 2223 vulyo
672 2185 807 2222 delent,
834 2185 899 2216 sed
922 2186 1014 2224 post
1038 2185 1075 2216 in
1101 2185 1248 2224 aliquid
1273 2185 1422 2216 videtur

69 2230 248 2262 excidisse
273 2231 375 2262 velut
395 2223 661 2263 ‘contionibus’
761 2231 806 2264 23
833 2241 928 2264 corr.
948 2232 1080 2264 Kortte
1172 2231 1216 2263 28
1243 2231 1419 2271 quoniam

68 2272 172 2308 PA¹1
200 2286 273 2316 quo
301 2278 379 2310 rell.
435 2286 482 2309 ne
504 2303 511 2310 .
526 2303 554 2310 ..
576 2279 698 2310 mallet
723 2278 818 2310 Don.
845 2279 921 2311 Ter.
941 2279 1026 2311 Hec.
1050 2283 1109 2311 766
1128 2280 1185 2310 bis
1245 2276 1305 2316 ne]
1333 2287 1418 2310 nam

69 2323 163 2356 Don.
183 2328 203 2355 2
285 2324 330 2356 29
358 2326 473 2364 magis
500 2334 608 2364 quam
636 2326 922 2358 benivolentiam
949 2326 1043 2358 Don.
1067 2331 1080 2358 1
1112 2327 1255 2358 mallem
1282 2325 1379 2358 Don.
1402 2330 1417 2357 1
