1593 2496
144 47 224 85 162
257 40 299 77 C.
320 40 564 77 SALLUSTI
591 39 750 77 CRISPI
776 40 842 76 Ex
869 40 994 77 HIST.
1016 39 1168 78 EPIST.
1189 41 1362 78 MITHR.

79 154 182 191 zoin
215 163 422 202 praesens
456 157 496 192 et
529 158 683 202 postea
709 152 872 192 bellum
901 154 1134 202 expectas?
1159 152 1343 193 Romani
1369 165 1489 194 arma

138 213 181 251 in
209 212 351 251 omnis
382 212 555 259 habent,
581 223 804 251 acerruma
830 213 872 251 in
901 223 990 258 eos,
1017 212 1176 261 quibus
1202 213 1326 252 victis
1346 213 1490 262 spolia

139 282 344 310 maxuma
380 276 496 317 sunt;
532 271 738 311 audendo
774 276 816 310 et
847 271 1042 311 fallundo
1077 276 1117 311 et
1143 271 1257 311 bella
1285 283 1337 312 ex
1364 272 1489 313 bellis

77 333 118 364 2¹
139 330 328 370 serundo
362 331 509 380 magni
536 331 651 370 facti:
679 342 755 379 per
780 330 896 369 hunc
922 341 1086 370 morem
1121 331 1373 381 extinguent
1399 343 1489 371 om-

139 390 211 428 nia
230 395 304 429 aut
325 390 535 429 occident.
572 390 691 439 quod
720 389 837 428 haud
865 389 1039 429 difficile
1061 394 1136 436 est,
1163 391 1198 429 si
1218 395 1263 429 tu
1284 390 1488 440 Mesopo·
1518 399 1539 427 5

139 450 283 494 tamia,
310 460 392 488 nos
412 449 618 488 Armenia
639 449 1020 498 circumgredimur
1041 450 1272 488 exercitum
1294 450 1389 490 sine
1408 450 1490 489 fru-

141 513 300 553 mento,
327 508 422 547 sine
448 507 630 554 auxiliis,
656 508 827 547 fortuna
853 512 926 547 aut
951 509 1109 547 nostris
1129 508 1244 547 vitiis
1264 509 1408 548 adhuc
1429 510 1490 548 in-

79 569 124 601 22
141 567 370 607 columem.
409 572 539 616 teque
572 567 645 606 illa
670 567 787 606 fama
813 571 1028 616 sequetur,
1061 567 1222 607 auxilio
1251 567 1488 616 profectum

79 628 125 660 23
140 627 311 676 magnis
338 626 512 676 regibus
539 626 727 666 latrones
754 627 949 676 gentium
977 627 1260 675 oppressisse.
1288 627 1406 676 quod
1428 628 1488 667 uti

140 685 284 731 facias,
306 697 466 725 moneo
487 685 732 735 hortorque,
753 697 839 725 neu
860 685 985 724 malis
1007 686 1195 734 pernicie
1209 690 1356 725 nostra
1370 691 1488 726 tuam
1510 694 1546 721 ιο

141 744 352 794 prolatare
380 756 511 794 quam
539 746 747 785 societate
772 746 909 784 victor
935 741 1052 784 fieri?

202 838 217 869 1
247 842 447 877 expectans
472 839 579 871 Aras.
