1593 2496
359 90 566 126 BELLUM
598 89 965 126 IUGURTHINUM
994 93 1130 126 38-—41
1359 93 1416 134 87

69 205 147 244 bes
175 203 425 243 incredibile
453 206 694 242 memoratu
717 206 780 241 est
802 213 933 252 quam
955 202 1119 241 intenta
1140 201 1264 241 fuerit
1284 212 1422 251 quan⁴

70 269 202 314 taque
221 264 264 302 vi
286 263 557 313 rogationem
573 262 753 307 iusserit,
776 262 916 311 magis
932 261 1035 301 odio
1051 261 1300 306 nobilitatis,
1316 261 1420 310 quoi

70 323 186 363 mala
213 322 285 361 illa
312 320 584 371 parabantur,
611 331 742 370 quam
771 331 872 360 cura
892 321 952 360 rei
974 320 1193 370 publicae:
1220 323 1340 359 tanta
1361 319 1422 358 lu-

72 382 176 422 bido
210 382 252 421 in
286 381 478 431 partibus
513 384 612 420 erat.
650 380 778 430 igitur
806 380 958 419 ceteris
986 384 1103 419 metu
1132 378 1339 429 perculsis
1366 378 1422 418 M.
1449 382 1472 414 4

28 454 47 480 5
72 441 271 487 Scaurus,
298 451 429 490 quem
458 440 648 490 legatum
671 439 842 479 Bestiae
869 438 1003 478 fuisse
1030 449 1160 488 supra
1180 438 1423 484 docuimus,

71 502 179 540 inter
212 500 417 539 laetitiam
452 498 592 549 plebis
626 503 667 538 et
698 510 875 538 suorum
904 498 1064 548 fugam,
1097 498 1265 548 trepida
1292 498 1422 537 etiam

71 565 160 599 tum
178 560 363 605 civitate,
383 570 517 608 quom
534 569 585 597 ex
602 558 794 597 Mamilia
810 558 1038 607 rogatione
1052 562 1137 597 tres
1152 558 1423 606 quaesitores

72 623 333 669 rogarentur,
367 617 577 664 effecerat,
612 618 671 656 uti
706 618 800 666 ipse
834 618 875 656 in
911 628 963 657 eo
991 628 1172 656 numero
1200 620 1423 656 crearetur.

72 679 150 718 sed
178 679 377 728 quaestio
405 678 590 717 exercita
617 688 770 726 aspere
790 676 1092 726 violenterque
1116 687 1167 716 ex
1190 686 1360 715 rumore
1381 679 1423 714 et
1451 679 1475 711 5

21 750 53 777 ιο
73 737 269 777 lubidine
290 736 448 787 plebis:
470 737 530 776 uti
552 747 686 785 saepe
706 736 991 782 nobilitatem,
1012 737 1073 775 sic
1094 746 1145 775 ea
1166 739 1426 784 tempestate

74 797 248 846 plebem
277 807 328 836 ex
355 796 559 835 secundis
588 796 715 835 rebus
743 795 977 835 insolentia
1004 799 1187 844 ceperat.

134 855 332 896 Ceterum
353 866 450 895 mos
472 856 655 905 partium
678 859 718 895 et
733 854 969 894 factionum
989 866 1039 894 ac
1053 854 1213 894 deinde
1228 851 1486 894 omnium41

74 915 285 954 malarum
311 915 464 954 artium
487 915 635 964 paucis
657 919 758 954 ante
779 915 904 953 annis
925 913 1091 953 Rornae
1112 918 1228 953 ortus
1250 918 1315 953 est
1336 913 1425 952 otio

74 980 205 1025 atque
236 974 505 1014 abundantia
537 985 684 1013 earum
725 985 877 1020 rerum,
910 984 1023 1023 quae
1053 974 1190 1022 prima
1221 971 1426 1012 mortales

21 1045 54 1072 15
75 1034 249 1073 ducunt.
276 1044 375 1072 nam
397 1037 497 1072 ante
513 1032 816 1082 Carthaginem
839 1032 1027 1072 deletam
1044 1032 1233 1082 populus
1248 1036 1289 1072 et
1303 1042 1427 1071 sena·
1453 1034 1478 1066 2

74 1098 142 1133 tus
163 1092 385 1133 Romanus
407 1092 576 1142 placide
597 1092 885 1142 modesteque
907 1093 1015 1132 inter
1035 1103 1081 1131 se
1102 1103 1191 1131 rem
1207 1091 1426 1141 publicam

74 1153 324 1198 tractabant,
350 1163 494 1201 neque
520 1152 684 1202 gloriae
710 1163 854 1201 neque
877 1152 1189 1192 dominationis
1210 1155 1428 1190 certamen

75 1213 184 1251 inter
203 1212 308 1251 civis
330 1216 434 1251 erat:
462 1215 602 1251 metus
624 1211 792 1250 hostilis
813 1212 856 1250 in
878 1211 1005 1251 bonis
1025 1211 1188 1250 artibus
1209 1211 1427 1249 civitatem

75 1271 297 1311 retinebat.
324 1271 401 1310 sed
423 1271 497 1310 ubi
518 1270 589 1309 illa
610 1270 795 1310 formido
814 1270 1032 1310 mentibus
1048 1270 1245 1315 decessit,
1266 1269 1428 1309 scilicet
1455 1269 1478 1303 3

22 1341 58 1369 ,η
78 1341 140 1376 ea,
174 1341 286 1380 quae
319 1341 385 1369 res
418 1330 639 1369 secundae
671 1334 829 1376 amant,
863 1329 1041 1369 lascivia
1068 1334 1198 1378 atque
1225 1328 1428 1378 superbia

78 1390 304 1429 incessere.
338 1390 395 1428 ita
422 1389 541 1438 quod
570 1390 611 1428 in
633 1389 831 1429 advorsis
852 1389 980 1428 rebus
1002 1392 1259 1438 optaverant
1279 1389 1428 1433 otium,
1454 1390 1477 1421 4

79 1453 311 1498 postquam
339 1448 486 1497 adepti
513 1454 623 1494 sunt,
651 1449 846 1497 asperius
873 1449 1160 1498 acerbiusque
1187 1447 1275 1487 iuit.
1308 1458 1428 1486 nam·
1455 1449 1479 1481 5

79 1519 164 1557 que
186 1519 369 1557 coepere
390 1507 594 1547 nobilitas
616 1507 883 1557 dignitatem,
911 1507 1101 1557 populus
1122 1507 1362 1547 libertatem
1385 1507 1426 1545 in

81 1567 319 1606 lubidinem
353 1571 532 1613 vortere,
567 1567 648 1606 sibi
676 1568 862 1617 quisque
889 1567 1047 1607 ducere
1074 1567 1240 1606 trahere
1268 1576 1427 1615 rapere.

26 1637 61 1663 25
81 1627 139 1665 ita
160 1627 308 1666 omnia
329 1627 371 1664 in
393 1626 501 1665 duas
518 1627 648 1675 partis
664 1626 878 1666 abstracta
893 1630 1004 1672 sunt,
1026 1637 1092 1666 res
1108 1626 1292 1675 publica,
1314 1636 1428 1675 quae

80 1685 225 1725 media
239 1685 386 1731 fuerat,
402 1685 645 1726 dilacerata.
667 1690 855 1725 ceterum
872 1685 1077 1726 nobilitas
1089 1685 1277 1725 factione
1288 1685 1428 1734 magis
1455 1687 1479 1718 6

81 1744 285 1794 pollebat,
307 1744 445 1793 plebis
465 1746 532 1784 vis
554 1745 696 1785 soluta
719 1749 849 1794 atque
871 1745 1067 1794 dispersa
1088 1745 1130 1783 in
1152 1744 1427 1783 multitudine

81 1805 224 1843 minus
252 1808 428 1853 poterat.
464 1815 701 1853 paucorum
728 1804 901 1844 arbitrio
930 1804 1030 1844 belli
1059 1804 1267 1853 domique
1294 1804 1427 1853 agita·
1456 1805 1476 1836 7

81 1863 222 1909 batur;
255 1874 390 1912 penes
424 1863 603 1903 eosdem
637 1864 848 1903 aerarium
877 1864 1126 1913 provinciae
1154 1863 1428 1912 magistratus

26 1931 63 1959 30
82 1922 245 1972 gloriae
269 1922 561 1972 triumphique
583 1927 720 1968 erant;
747 1923 936 1972 populus
957 1922 1109 1962 militia
1128 1926 1259 1971 atque
1281 1922 1429 1971 inopia

83 1981 330 2031 urgebatur;
358 1982 541 2031 praedas
568 1981 746 2021 bellicas
774 1983 1055 2031 imperatores
1077 1993 1174 2020 cum
1196 1982 1346 2030 paucis
1368 1981 1429 2020 di-

141 2062 161 2094 2
183 2063 324 2095 iusserit
344 2058 523 2095 P¹AF²m
545 2064 688 2096 iusserit
708 2064 907 2096 decreverit
925 2063 1079 2095 voluerit
1099 2064 1166 2095 rell
1229 2063 1247 2094 7
1271 2063 1430 2094 mamilia

81 2109 169 2141 PAl
198 2110 405 2141 mamiliana
432 2107 519 2142 NK¹
548 2111 719 2142 malliana
744 2120 776 2142 m
805 2111 952 2142 mamilli
980 2112 1058 2142 rell.
1128 2110 1169 2141 12
1198 2111 1350 2149 partium
1377 2107 1430 2141 m¹

82 2158 235 2196 partium
268 2158 496 2196 popularium
523 2160 601 2190 rell.
676 2158 874 2190 factionum
907 2153 1016 2190 N¹m¹
1048 2162 1198 2190 senatus
1229 2157 1429 2189 factionum

83 2204 180 2236 CBn
197 2200 239 2245 †
255 2214 300 2236 m.
320 2209 341 2236 2
364 2205 509 2237 ANKT
542 2209 731 2238 senatores
764 2206 961 2238 lactionum
997 2206 1074 2237 rell.
1174 2205 1216 2236 14
1250 2213 1345 2244 quae
1373 2229 1380 2236 .
1397 2228 1404 2236 .
1420 2229 1429 2236 .

83 2252 219 2283 ducunt
244 2251 338 2283 Don.
363 2251 440 2285 Ter.
460 2253 551 2285 Ειιη.
571 2256 613 2284 50
688 2253 731 2285 19
751 2254 920 2285 discessit
939 2253 1045 2284 Ynm
1119 2253 1164 2284 22
1184 2252 1250 2283 fuit
1269 2246 1430 2283 ΡΝΚΤε

82 2294 211 2330 D²lsn
238 2299 277 2330 iit
303 2294 426 2331 A²CB
454 2300 552 2332 fuere
579 2301 656 2332 rell.
730 2299 775 2332 28
802 2309 999 2339 paucorum
1099 2300 1302 2340 agitabatur
1321 2299 1430 2332 Aras.

81 2355 235 2385 yramm.
257 2346 314 2378 Vl!
331 2350 402 2385 458,
416 2351 456 2378 25
529 2348 759 2387 agitabantur
784 2348 889 2380 Aras.
