1593 2496
37 736 69 762 10

39 1033 70 1059 15

383 83 587 119 BELLUM
616 81 979 119 IUGURTHINL'M
1012 86 1145 118 18-21
1384 89 1434 127 71

90 196 341 236 muneribus
375 195 634 245 expleverat,
667 196 709 234 in
743 205 924 245 regnum
951 194 1211 234 Adherbalis
1245 196 1439 234 animum

90 255 284 295 intendit.
310 256 404 304 ipse
418 265 527 300 acer,
542 253 795 300 bellicosus;
811 258 853 293 at
869 254 903 293 is
919 264 1049 303 quem
1066 254 1241 303 petebat
1256 254 1440 304 quietus,
1467 257 1494 290 2

90 314 272 361 inbellis,
304 313 476 363 placido
505 314 694 364 ingenio,
721 317 992 363 opportunus
1021 313 1213 360 iniuriae,
1240 318 1440 353 metuens

91 374 230 424 magis
260 384 391 423 quam
419 373 692 413 metuendus.
738 373 865 422 igitur
892 383 944 412 ex
970 373 1193 421 inproviso
1221 371 1318 412 finis
1347 374 1440 412 eius
1468 387 1494 420 3

91 444 188 472 cum
216 443 376 483 magna
403 443 535 471 manu
563 431 740 479 invadit,
768 431 928 472 multos
949 430 1141 472 mortalis
1163 443 1260 471 cum
1284 443 1442 481 pecore

90 497 222 542 atque
242 492 327 532 alia
348 491 511 541 praeda
531 492 656 541 capit,
677 491 877 531 aedificia
899 491 1101 538 incendit,
1122 491 1330 541 pleraque
1344 491 1441 531 loca

91 551 302 592 hostiliter
323 562 420 591 cum
443 552 636 601 equitatu
657 550 841 597 adcedit,
863 550 1022 591 deinde
1043 561 1141 590 cum
1163 552 1281 590 omni
1301 550 1441 590 multi·
1468 566 1489 597 4

90 610 242 651 tudine
274 612 316 650 in
349 621 531 661 regnum
564 621 691 650 suom
723 611 948 656 convortit,
983 610 1250 649 existumans
1276 609 1441 650 Adher-

90 670 234 710 balem
251 670 401 711 dolore
416 676 662 719 permotum
674 670 851 709 iniurias
864 680 965 709 suas
978 680 1110 708 manu
1122 669 1441 709 vindicaturum

91 741 276 779 eamque
305 741 392 769 rem
419 729 521 769 belli
549 740 726 768 causam
754 728 856 769 fore.
895 733 937 768 at
964 728 1046 773 ille,
1074 729 1193 778 quod
1221 740 1366 778 neque
1393 740 1441 768 se
1469 744 1492 775 5

90 800 237 838 parem
275 790 404 828 armis
440 788 730 828 existumabat
767 793 807 828 et
843 789 1031 827 amicitia
1068 788 1219 837 populi
1255 787 1438 828 Romani

90 849 230 899 magis
257 859 389 898 quam
410 848 611 887 Numidis
637 847 769 887 fretus
796 852 896 894 erat,
924 847 1092 897 legatos
1116 847 1172 887 ad
1192 847 1441 898 Iugurtham

90 908 145 947 de
184 908 347 947 iniuriis
386 912 587 957 questum
628 908 753 947 misit.
799 908 872 957 qui
913 907 1083 946 tametsi
1120 906 1439 947 contumeliosa

91 967 204 1006 dicta
226 967 484 1014 rettulerant,
512 967 628 1016 prius
648 970 794 1006 tamen
818 967 966 1007 omnia
988 967 1074 1016 pati
1097 966 1288 1006 decrevit
1309 977 1442 1016 quam

92 1025 252 1066 bellum
287 1037 469 1072 sumere,
502 1027 605 1076 quia
636 1030 894 1075 temptatum
928 1031 1055 1065 antea
1089 1037 1214 1065 secus
1243 1030 1442 1066 cesserat.

90 1097 234 1136 neque
267 1097 319 1126 eo
348 1086 487 1135 magis
515 1085 676 1135 cupido
702 1084 933 1135 Iugurthae
960 1085 1246 1132 minuebatur,
1278 1085 1442 1135 quippe
1469 1087 1493 1119 6

90 1146 164 1194 qui
185 1149 322 1185 totum
345 1146 438 1185 eius
458 1155 640 1194 regnum
662 1145 810 1184 animo
832 1145 918 1184 iam
934 1146 1162 1184 invaserat.
1190 1145 1337 1194 itaque
1352 1156 1440 1184 non
1469 1146 1489 1178 7

90 1205 150 1243 uti
183 1209 312 1245 antea
345 1216 442 1244 cum
477 1204 750 1253 praedatoria
781 1214 927 1251 manu,
959 1203 1037 1243 sed
1064 1215 1226 1254 magno
1253 1204 1442 1244 exercitu

91 1269 327 1314 conparato
343 1263 506 1303 bellum
522 1274 670 1313 gerere
687 1264 829 1312 coepit
845 1268 886 1303 et
900 1268 1048 1312 aperte
1063 1264 1194 1303 totius
1209 1263 1443 1303 Numidiae

91 1324 319 1373 imperium
354 1327 510 1372 petere.
556 1326 757 1368 ceterum,
791 1334 877 1372 qua
911 1323 1131 1372 pergebat,
1164 1322 1279 1362 urbis
1313 1333 1441 1372 agros
1469 1325 1491 1358 8

91 1387 273 1429 vastare,
301 1382 484 1432 praedas
511 1393 651 1431 agere,
679 1382 768 1421 suis
795 1383 988 1421 animum
1017 1382 1214 1422 hostibus
1238 1386 1441 1422 terrorem

92 1452 263 1492 augere.
283 1441 504 1481 Adherbal
520 1441 593 1480 ubi
608 1441 819 1491 intellegit
834 1452 886 1481 eo
904 1452 1168 1490 processum,
1183 1442 1244 1480 uti
1259 1451 1440 1491 regnum
1451 1442 1504 1481 ΖΕ

92 1505 165 1540 aut
198 1501 531 1550 relinquendum
567 1504 681 1540 esset
714 1504 787 1540 aut
819 1501 948 1539 armis
975 1500 1261 1546 retinendum,
1294 1512 1443 1540 neces-

92 1560 204 1600 sario
227 1561 375 1610 copias
397 1564 518 1609 parat
538 1564 579 1599 et
599 1559 829 1609 Iugurthae
850 1560 1008 1600 obvius
1029 1560 1234 1609 procedit.
1273 1560 1441 1599 interim
1470 1565 1492 1596 2

93 1619 209 1658 haud
246 1619 377 1669 longe
414 1630 439 1658 a
472 1620 577 1658 mari
611 1630 747 1668 prope
781 1618 938 1659 Cirtam
973 1619 1184 1668 oppidum
1218 1620 1443 1669 utriusque

93 1679 303 1718 exercitus
325 1678 522 1718 consedit
543 1683 594 1724 et,
616 1679 719 1728 quia
739 1678 824 1718 diei
847 1683 1085 1718 extremum
1108 1682 1208 1724 erat,
1230 1678 1443 1727 proelium

92 1748 180 1778 non
208 1738 440 1788 inceptum.
480 1738 557 1777 sed
585 1737 658 1776 ubi
681 1737 937 1787 plerumque
958 1738 1097 1777 noctis
1120 1738 1340 1786 processit,
1367 1737 1443 1778 ob-

93 1808 217 1837 scuro
252 1798 381 1837 etiam
415 1802 504 1836 tum
540 1796 703 1836 lumine
735 1797 892 1836 milites
919 1796 1156 1847 Iugurthini
1184 1797 1310 1846 signo
1339 1797 1441 1837 dato

93 1860 231 1895 castra
251 1856 441 1897 hostium
460 1856 683 1902 invadunt,
704 1857 996 1896 semisomnos
1012 1856 1177 1905 partim,
1199 1855 1307 1896 alios
1323 1866 1443 1896 arma

38 1922 74 1948 30
93 1916 303 1955 sumentis
325 1915 475 1966 fugant
489 1915 775 1965 funduntque.
794 1915 1014 1955 Adherbal
1044 1926 1142 1954 cum
1158 1916 1308 1964 paucis
1324 1916 1443 1965 equi-

93 1974 208 2013 tibus
229 1973 385 2015 Cirtam
408 1974 606 2024 profugit,
634 1978 675 2014 et
696 1976 738 2014 ni
760 1974 990 2014 multitudo
1013 1979 1259 2023 togatorum
1280 1974 1443 2020 fuisset,

94 2044 209 2083 quae
229 2033 439 2073 Numidas
461 2034 729 2083 insequentis
751 2034 983 2073 moenibus
1005 2033 1234 2082 prohibuit,
1261 2045 1350 2074 uno
1372 2033 1444 2073 die

93 2092 202 2132 inter
228 2092 339 2132 duos
365 2104 489 2143 reges
517 2097 720 2142 coeptum
748 2097 879 2142 atque
903 2097 1116 2142 patratum
1139 2092 1301 2132 bellum
1322 2092 1443 2133 foret.

93 2151 221 2201 igitur
240 2151 443 2202 Iugurtha
462 2152 675 2202 oppidum
697 2152 980 2197 circumsedit,
1006 2152 1145 2191 vineis
1166 2152 1442 2202 turribusque
1468 2155 1495 2188 3

152 2245 167 2276 1
198 2246 234 2276 in
261 2254 411 2285 regnum
433 2270 441 2277 .
457 2270 464 2278 .
481 2271 488 2278 .
510 2246 728 2277 metuendus
748 2245 909 2277 *Fronto
927 2255 965 2285 ρ.
988 2248 1047 2277 109
1067 2245 1110 2277 Ν.
1131 2244 1290 2283 (Hauler
1306 2255 1344 2286 p.
1366 2242 1443 2284 162)

153 2291 174 2324 3
201 2295 429 2332 opportunus
455 2293 607 2324 iniuriae
632 2293 738 2325 Aras.
760 2302 917 2332 yramm.
937 2292 994 2323 VII
1012 2295 1082 2331 496,
1100 2296 1137 2323 15
1214 2292 1253 2324 11
1290 2295 1325 2324 et
1351 2293 1440 2324 ami-

95 2339 178 2370 citia
199 2362 207 2370 .
223 2362 229 2371 .
243 2362 251 2372 .
272 2339 381 2371 fretus
408 2340 514 2372 Aras.
534 2349 690 2380 yramm.
710 2339 861 2379 VIA-174,
876 2343 917 2372 28
