1593 2496
24 422 47 449 5

351 62 625 100 CATILINAE
653 59 970 98 CONIURATIO
997 64 1135 95 51—52
1359 65 1409 103 41

62 188 203 223 amus,
237 177 278 215 in
314 176 461 225 primis
495 185 701 224 magnam
737 178 854 222 puto.
895 172 1086 221 profecto
1119 173 1253 211 virtus
1284 177 1415 221 atque
1429 174 1474 206 42

64 236 279 286 sapientia
312 235 448 274 maior
476 234 558 273 illis
586 233 674 279 fuit,
708 233 781 282 qui
810 244 861 272 ex
890 232 1034 281 parvis
1062 231 1221 280 opibus
1248 235 1414 271 tantum

66 295 292 345 imperium
321 294 471 339 fecere,
499 304 630 343 quam
660 293 700 331 in
729 292 869 337 nobis,
896 292 970 340 qui
996 301 1047 330 ea
1069 290 1182 330 bene
1204 294 1324 339 parta
1343 290 1415 328 vix

68 355 314 394 retinemus.

127 413 270 453 Placet
309 413 436 462 igitur
475 423 552 451 eos
592 411 746 450 dimitti
782 415 822 449 et
855 410 1004 459 augeri
1039 409 1272 449 exercitum
1308 407 1417 448 Cati·
1432 412 1476 444 43

66 473 210 512 linae?
253 473 459 511 minume.
504 470 581 510 sed
622 471 679 509 ita
717 480 896 509 censeo:
936 468 1225 518 publicandas
1266 478 1416 507 eorum

65 532 287 582 pecunias,
327 532 446 580 ipsos
487 531 528 568 in
567 528 753 568 vinculis
793 528 1024 568 habendos
1059 539 1134 577 per
1167 527 1417 576 municipia,

65 602 181 641 quae
213 601 417 630 maxume
450 589 609 639 opibus
641 588 807 633 valent;
841 599 926 627 neu
960 588 1058 637 quis
1092 587 1148 626 de
1183 587 1233 626 iis
1265 590 1419 636 postea

67 650 123 690 ad
157 654 355 689 senatum
389 649 539 688 referat
573 659 685 687 neve
718 658 816 687 cum
846 647 1012 696 populo
1040 652 1158 696 agan
1196 647 1269 695 qui
1298 645 1419 685 aliter

14 717 49 745 ιο
70 710 225 755 iecerit,
258 713 457 748 senatum
485 708 746 747 existumare
773 718 873 746 eum
902 711 1050 746 contra
1078 717 1166 745 rem
1197 705 1416 754 publicam

16 1013 50 1041 15

16 1309 54 1338 20

68 773 109 808 et
136 768 321 808 salutem
349 768 545 807 omnium
574 762 815 806 facturum?

128 827 364 877 Postquam
399 825 558 866 Caesar
590 825 766 865 dicundi
800 825 933 864 finem
967 824 1081 870 fecit,
1122 825 1250 864 ceteri
1284 823 1485 864 verb052

68 887 180 927 alius
213 887 284 926 alii
312 887 429 925 varie
457 885 825 925 adsentiebantur.
871 888 913 923 at
941 884 994 923 M.
1018 884 1193 923 Porcius
1221 883 1327 924 Cato
1355 894 1420 923 ro-

71 951 197 997 gatus
225 946 483 985 sententiam
512 945 694 983 huiusce
722 944 840 983 modi
870 944 1111 983 orationem
1140 943 1307 983 habuit:

131 1001 297 1055 ‘Longe
329 1005 414 1043 alia
441 1004 545 1043 mihi
573 1015 697 1043 mens
725 1007 800 1049 est,
836 1008 978 1052 patres
1008 1003 1253 1052 conscripti,
1286 1013 1420 1052 quom
1450 999 1468 1030 2

72 1076 138 1104 res
157 1069 288 1114 atque
309 1063 499 1113 pericula
520 1068 667 1103 nostra
688 1063 930 1109 considero,
965 1066 1005 1101 et
1028 1073 1162 1111 quom
1185 1062 1422 1102 sententias

70 1123 379 1164 nonnullorum
413 1124 507 1172 ipse
534 1133 705 1161 mecum
734 1126 898 1170 reputo.
940 1121 998 1160 illi
1027 1121 1131 1160 mihi
1160 1121 1419 1161 disseruisse
1448 1118 1468 1149 3

70 1183 272 1223 videntur
296 1183 352 1222 de
379 1193 523 1232 poena
550 1193 712 1227 eorum,
740 1182 813 1231 qui
842 1181 1016 1230 patriae,
1045 1181 1308 1230 parentibus,
1337 1180 1421 1219 aris

71 1248 203 1293 atque
241 1242 347 1282 focis
387 1242 477 1281 suis
516 1241 679 1280 bellum
720 1251 946 1290 paravere;
985 1251 1051 1279 res
1088 1245 1234 1280 autem
1274 1244 1422 1280 monet

74 1312 226 1341 cavere
265 1302 320 1340 ab
360 1301 442 1339 illis
481 1301 621 1350 magis
661 1311 792 1350 quam
833 1299 937 1349 quid
972 1300 1013 1338 in
1049 1299 1146 1340 illos
1180 1304 1423 1339 statuamus

73 1360 330 1401 consultare.
368 1371 469 1399 nam
503 1364 644 1399 cetera
678 1359 893 1398 maleficia
918 1364 1008 1398 turn
1039 1369 1314 1408 persequare,
1348 1359 1421 1397 ubi
1452 1356 1472 1387 4

74 1420 184 1459 iacta
219 1424 335 1464 sunt:
370 1419 453 1459 hoc
486 1419 567 1458 nisi
603 1418 842 1468 provideris
870 1430 925 1458 ne
952 1418 1130 1464 accidat,
1165 1418 1239 1457 ubi
1268 1418 1424 1462 evenit,

76 1478 228 1518 frustra
274 1478 434 1517 iudicia
477 1478 685 1527 inplores:
732 1482 859 1527 capta
898 1477 1003 1517 urbe
1042 1477 1147 1516 nihil
1188 1477 1233 1516 fit
1273 1477 1425 1526 reliqui

76 1539 213 1577 victis.
254 1538 343 1583 sed,
378 1549 451 1587 per
487 1538 594 1576 deos
628 1537 879 1582 inmortalis,
911 1548 992 1577 vos
1021 1548 1104 1587 ego
1131 1536 1320 1586 appello,
1353 1536 1427 1585 qui
1454 1539 1473 1570 5

20 1604 59 1632 25
79 1608 252 1646 semper
267 1597 437 1642 domos,
458 1596 596 1642 villas,
618 1597 755 1646 signa,
775 1596 947 1636 tabulas
961 1600 1131 1636 vostras
1147 1595 1280 1645 pluris
1295 1606 1427 1645 quarn

79 1668 167 1696 rem
191 1656 409 1706 publicam
433 1656 610 1695 fecistis:
638 1656 672 1694 si
696 1656 787 1701 ista,
815 1657 1166 1705 quoiuscumque
1187 1655 1306 1695 modi
1329 1659 1428 1694 sunt

79 1727 196 1765 quae
240 1715 564 1765 amplexamini,
610 1716 802 1760 retinere,
849 1716 883 1753 si
928 1714 1227 1763 voluptatibus
1271 1715 1428 1754 vostris

81 1775 219 1814 otium
266 1775 472 1824 praebere
517 1774 664 1820 voltis,
711 1774 1059 1823 expergiscimini
1105 1773 1342 1823 aliquando
1389 1778 1429 1812 et

80 1835 299 1883 capessite
338 1845 426 1873 rem
468 1833 699 1883 publicam.
739 1845 828 1873 non
874 1834 1014 1883 agitur
1053 1833 1107 1872 de
1142 1832 1430 1882 vectigalibus
1458 1836 1478 1866 6

140 1986 161 2017 2
188 1986 256 2018 illis
282 1986 369 2018 VPl
398 1987 433 2017 in
462 1987 530 2017 illis
558 1987 635 2017 roll.
734 1986 754 2016 8
787 1984 924 2024 neu]ne
950 1980 1091 2017 VP²K1
1194 1985 1235 2017 13
1262 1985 1354 2016 alius

82 2033 384 2065 adsentiebantur
404 2033 524 2065 Diom.
546 2043 702 2073 gramm.
724 2034 740 2064 I
763 2037 834 2071 381,
849 2037 890 2065 27
965 2033 1007 2064 15
1028 2033 1138 2072 longe
1160 2056 1167 2063 .
1183 2056 1191 2063 .
1207 2056 1215 2063 .
1236 2033 1431 2070 conscripti

78 2079 183 2112 Serv.
205 2081 291 2112 Αριι.
314 2085 341 2119 1,
359 2084 397 2112 13
447 2081 518 2112 alia
540 2081 625 2111 mihi
646 2080 679 2112 V
699 2080 798 2112 Serv.
815 2081 901 2112 mihi
922 2080 993 2111 alia
1014 2081 1092 2112 rell.
1161 2080 1205 2111 20
1226 2088 1354 2111 cavere
1376 2104 1383 2111 .
1400 2104 1430 2110 ..

83 2128 200 2167 magis
221 2128 328 2159 Aras.
348 2138 507 2166 qramm.
527 2128 584 2159 Vll
602 2131 673 2165 488,
688 2132 729 2159 25
796 2128 836 2159 21
862 2127 1042 2160 maleficia
1062 2126 1220 2159 vxffls
1242 2126 1433 2158 malefacta

82 2170 249 2206 A¹Ynm
272 2176 465 2207 maledicta
484 2175 515 2207 K
537 2175 630 2206 mala
651 2175 676 2205 F
738 2175 781 2206 25
804 2176 914 2214 pluris
930 2200 937 2206 .
951 2199 958 2206 .
975 2200 981 2206 .
997 2175 1135 2206 fecistis
1154 2174 1261 2206 Artes.
1275 2183 1431 2214 gramm.

88 2221 146 2254 Vll
169 2226 276 2260 499,8
362 2222 406 2253 26
433 2222 551 2255 fecere
577 2223 684 2254 Aras.
747 2220 828 2261 ista]
857 2223 905 2253 ita
930 2217 1061 2254 VMT¹
1141 2221 1184 2252 28
1211 2221 1432 2260 expergisci-

86 2269 172 2300 mini
195 2293 203 2300 .
219 2293 227 2301 .
243 2293 250 2301 .
272 2270 453 2308 publicam
482 2270 656 2309 *Agroecz
675 2279 832 2308 (fratum.
851 2269 909 2301 VII
934 2273 1001 2307 117,
1018 2274 1037 2301 (i
1062 2269 1183 2300 Selzol.
1203 2268 1299 2301 Stat.
1324 2268 1434 2300 Theb.

82 2320 114 2353 2,
132 2319 189 2347 109
216 2316 329 2349 Prisc.
349 2326 505 2355 yramm.
526 2317 575 2348 ΙΙΙ
598 2321 669 2355 455,
683 2321 721 2348 31

158 2375 351 2404 Sallustius:
374 2377 533 2410 Catilina,
556 2377 718 2411 Iugurtha
740 2377 789 2404 ed.
806 2377 965 2411 Ahlberg.
990 2377 1137 2408 (Maior.)
1199 2372 1221 2405 4
