1593 2496
380 66 585 102 BELLUM
613 65 977 102 mouarfflNUM
1006 69 1145 101 33—35
1380 70 1437 110 83

89 177 140 223 Q.
168 178 358 219 Minucio
386 177 495 218 Rufo
529 178 804 218 consulatum
832 178 1021 228 gerebat,
1054 178 1298 227 persuadet,
1331 188 1439 227 quo-

88 238 207 278 niam
235 249 287 279 ex
314 238 445 287 stirpe
471 237 731 288 Masinissae
757 238 810 277 sit
830 237 1169 287 Iugurthamque
1196 237 1253 277 ob
1275 236 1438 276 scelera

90 297 254 337 invidia
281 309 378 337 cum
406 301 524 337 metu
551 301 713 347 urgeat,
740 307 921 347 regnum
943 295 1175 336 Numidiae
1202 296 1257 336 ab
1284 300 1438 335 senatu

91 360 219 406 petat.
251 356 408 396 avidus
435 356 587 396 consul
615 356 716 396 belli
744 356 927 406 gerundi
954 366 1132 396 movere
1159 366 1291 405 quam
1316 366 1438 395 sene·
1466 360 1487 392 3

45 425 65 451 5
91 427 210 456 scere
237 416 385 456 omnia
412 415 613 456 malebat.
647 416 729 465 ipsi
757 416 979 465 provincia
1001 414 1218 461 Numidia,
1246 414 1438 454 Minucio

89 474 350 515 Macedonia
382 480 596 515 evenerat.
636 486 750 524 quae
783 479 1017 524 postquam
1052 473 1244 513 Massiva
1275 475 1439 524 agitare
1466 480 1487 510 4

89 535 234 584 coepit
254 546 398 584 neque
418 533 647 584 Iugurthae
668 535 711 573 in
732 535 883 574 amicis
898 534 1002 574 satis
1019 533 1206 583 praesidi
1222 538 1297 580 est,
1319 533 1438 583 quod

90 604 238 634 eorum
268 594 400 633 alium
423 594 699 640 conscientia,
727 593 860 633 alium
882 593 998 632 mala
1018 592 1134 632 fama
1155 597 1197 633 et
1217 594 1343 633 timor
1363 593 1440 632 im-

91 653 307 702 pediebat,
333 653 574 699 Bomilcari,
602 661 814 703 proxumo
839 664 890 693 ac
910 663 1115 692 maxume
1137 652 1226 692 fido
1248 652 1342 697 sibi,
1364 652 1440 691 im-

36 719 69 746 10
90 717 220 761 perat,
248 713 396 762 pretio,
429 713 552 752 sicuti
580 712 716 753 multa
742 712 998 758 confecerat,
1025 711 1300 751 insidiatores
1327 711 1441 750 Mas-

89 772 210 811 sivae
237 777 357 821 paret
383 783 434 811 ac
460 783 665 811 maxume
689 771 870 818 occulte,
896 772 962 811 sin
983 771 1026 811 id
1048 782 1199 821 parum
1222 770 1441 820 procedat,

88 832 245 880 quovis
273 831 406 872 modo
428 831 663 870 Numidam
686 831 920 871 interficiat.
954 830 1171 870 Bomilcar
1191 835 1357 869 mature
1378 841 1439 869 re·
1467 835 1488 866 5

87 891 154 940 gis
188 890 394 930 mandata
427 892 652 940 exequitur
680 895 720 930 et
747 902 821 940 per
848 891 1050 930 homines
1078 890 1174 929 talis
1202 890 1351 940 negoti
1379 900 1441 928 ar-

88 949 226 989 tifices
241 951 391 990 itinera
407 961 696 1000 egressusque
712 951 817 996 eius,
838 954 1060 999 postremo
1076 949 1173 989 loca
1187 953 1318 999 atque
1334 953 1440 988 tem-

37 1015 70 1041 15
90 1019 196 1058 pora
211 1013 365 1049 cuncta
379 1009 585 1058 explorat.
612 1009 784 1055 deinde,
806 1009 879 1049 ubi
894 1020 961 1049 res
977 1008 1238 1058 postulabat,
1260 1008 1440 1048 insidias

89 1068 237 1108 tendit.
271 1070 397 1118 igitur
423 1080 535 1108 unus
557 1080 609 1108 ex
631 1080 684 1109 eo
706 1080 900 1115 numero,
928 1069 1001 1118 qui
1023 1068 1078 1108 ad
1101 1068 1282 1108 caedem
1304 1068 1440 1117 parati
1467 1073 1488 1103 ὃ

89 1132 220 1174 erant,
259 1128 391 1177 paulo
428 1128 716 1168 inconsultius
749 1128 987 1168 Massivam
1021 1127 1280 1178 aggreditur.
1319 1126 1440 1166 illurn

89 1186 328 1233 obtruncat,
361 1187 439 1227 sed
472 1188 567 1237 ipse
600 1187 900 1237 deprehensus
927 1187 1074 1226 multis
1102 1187 1374 1227 hortantibus
1402 1190 1442 1226 et

90 1247 133 1285 in
155 1247 302 1296 primis
317 1245 477 1287 Albino
501 1246 680 1287 consule
697 1246 903 1287 indicium
920 1246 1152 1295 profitetur.
1180 1246 1226 1285 fit
1240 1257 1338 1286 reus
1352 1257 1441 1285 ma·
1469 1250 1489 1281 ῖ

36 1310 72 1337 2⁰
91 1305 157 1355 gis
185 1317 237 1345 ex
264 1317 408 1355 aequo
430 1306 639 1356 bonoque
661 1317 792 1356 quam
814 1317 866 1345 ex
888 1307 978 1345 iure
999 1307 1194 1356 gentium
1215 1305 1442 1350 Bomilcar,

90 1375 240 1404 comes
277 1366 381 1411 eius,
418 1366 491 1415 qui
524 1364 707 1405 Romam
744 1365 831 1405 fide
868 1365 1042 1415 publica
1074 1369 1264 1404 venerat.
1303 1368 1346 1403 at
1377 1364 1442 1403 Iu-
1469 1369 1489 1399 8

90 1424 245 1473 gurtha
266 1424 536 1464 manufestus
557 1425 662 1464 tanti
684 1425 857 1464 sceleris
879 1436 967 1464 non
990 1425 1106 1474 prius
1128 1425 1274 1464 omisit
1295 1428 1443 1464 contra

90 1494 240 1523 verum
267 1484 354 1529 niti,
381 1495 513 1533 quam
535 1484 842 1524 animadvortit
863 1494 993 1533 supra
1014 1485 1195 1533 gratiam
1217 1487 1349 1533 atque
1370 1494 1443 1532 pe-

91 1543 264 1582 cuniam
293 1554 417 1582 suam
445 1543 654 1583 invidiam
679 1543 777 1583 facti
799 1554 908 1583 esse.
943 1543 1080 1593 igitur,
1109 1553 1376 1592 quamquam
1399 1543 1441 1581 in
1470 1547 1490 1578 9

38 1606 74 1633 25
93 1603 233 1651 priore
267 1603 437 1642 actione
471 1614 523 1642 ex
555 1603 706 1642 amicis
740 1603 1058 1652 quinquaginta
1084 1602 1221 1642 vades
1252 1601 1443 1647 dederat,

91 1672 227 1711 regno
249 1663 389 1712 magis
404 1673 536 1711 quam
552 1662 738 1701 vadibus
755 1661 989 1702 consulens
1005 1662 1116 1701 clam
1133 1662 1174 1700 in
1190 1661 1442 1701 Numidiam

91 1719 379 1761 Bomilcarem
406 1721 590 1767 dimittit,
616 1726 791 1767 veritus,
817 1732 872 1761 ne
898 1720 1090 1770 reliquos
1112 1720 1334 1770 popularis
1355 1731 1444 1760 me-

93 1784 160 1819 tus
187 1780 411 1820 invaderet
438 1780 617 1830 parendi
646 1781 739 1826 sibi,
766 1781 801 1820 si
829 1780 883 1820 de
911 1780 984 1820 illo
1012 1780 1275 1829 supplicium
1297 1791 1444 1828 sump-

5 1836 24 1855 χ
93 1842 182 1878 tum
216 1839 335 1880 foret.
375 1844 414 1880 et
448 1841 541 1889 ipse
574 1840 725 1889 paucis
752 1839 908 1879 diebus
936 1839 1093 1879 eodem
1122 1839 1339 1888 profectus
1368 1842 1443 1884 est,

39 1901 75 1929 30
94 1897 237 1938 iussus
270 1910 295 1938 a
328 1903 482 1939 senatu
514 1899 636 1938 ltalia
668 1899 891 1939 decedere.
931 1898 1008 1938 sed
1043 1902 1276 1948 postquam
1306 1897 1444 1939 Roma
1460 1902 1504 1934 10

94 1968 296 2007 egressus
317 1962 392 2005 est,
413 1958 540 1998 fertur
562 1969 695 2007 saepe
716 1969 769 1998 eo
791 1959 944 1998 tacitus
967 1958 1202 2007 respiciens
1222 1961 1443 2006 postremo

93 2016 257 2057 dixisse
284 2012 327 2057 ‘o
353 2018 502 2059 urbem
524 2018 726 2057 venalem
749 2021 790 2057 et
811 2021 977 2056 mature
998 2017 1242 2066 perituram,
1269 2017 1304 2055 si
1326 2027 1445 2065 emp-

93 2079 232 2116 torem
260 2076 493 2117 invenerit.'

157 2181 200 2214 13
227 2189 291 2221 per
311 2205 319 2214 .
334 2205 342 2214 .
358 2205 366 2213 .
386 2181 542 2214 artifices
568 2182 675 2214 Aras.
694 2191 849 2222 yramm.
870 2181 929 2213 VII
945 2184 1017 2218 456,
1030 2184 1051 2212 3
1118 2180 1162 2213 23
1183 2189 1293 2220 supra
1311 2179 1416 2212 PBK
1429 2188 1447 2211 s

94 2236 205 2267 super
236 2229 313 2261 rell.
411 2228 456 2261 32
488 2237 510 2261 o
543 2230 668 2261 urbem
691 2254 698 2261 .
716 2253 723 2260 .
738 2253 746 2261 .
767 2229 946 2261 invenerit
972 2228 1067 2260 *Lim
1087 2228 1251 2268 perior-71.
1271 2231 1311 2259 64
1331 2227 1446 2267 *Aua

95 2277 204 2315 epist.
231 2279 357 2315 138,16
381 2274 511 2309 *Or-os.
540 2277 625 2309 hist.
647 2281 678 2315 5,
695 2280 778 2314 15,5
851 2284 873 2307 o
906 2276 1031 2307 urbem
1066 2269 1221 2307 AH²M¹
1252 2274 1326 2307 Liv.
1353 2274 1447 2314 Any.

98 2321 206 2355 Oros.
227 2325 352 2356 urbem
381 2324 457 2355 rell.
508 2322 659 2361 mature]
688 2324 759 2355 cito
786 2323 858 2355 Liv.
