1593 2496
29 719 63 745 to

26 1015 60 1042 15

23 1310 59 1337 20

384 65 590 102 BELLUM
620 65 986 102 IUGURTHINUM
1015 70 1155 102 81-84
1361 73 1442 111 117

85 178 275 229 gundae,
303 189 417 228 quae
445 179 587 227 potior
613 177 729 217 bello
759 184 885 223 esset,
914 182 965 223 et,
988 189 1256 228 quamquam
1280 180 1440 228 opibus

86 239 176 277 suis
198 237 446 282 confideret,
468 241 614 277 tamen
635 248 724 276 non
746 237 906 276 debere
929 238 1088 276 incerta
1110 249 1186 287 pro
1209 239 1333 277 certis
1350 250 1441 277 mu-

86 301 186 337 tare.
227 308 357 336 omne
384 296 546 336 bellum
575 297 687 335 sumi
714 296 852 342 facile,
881 302 1069 336 ceterum
1092 308 1347 346 aegerrume
1369 297 1441 337 de-

86 357 244 401 sinere:
271 367 359 395 non
388 356 430 394 in
464 355 661 395 eiusdem
690 360 905 405 potestate
932 356 1099 395 initium
1130 357 1223 396 eius
1246 361 1286 395 et
1308 356 1439 396 finem

86 426 200 461 esse;
222 416 410 464 incipere
432 416 605 464 quoivis
627 415 756 454 etiam
779 416 939 465 ignavo
963 415 1102 461 licere,
1124 416 1288 464 deponi
1305 427 1438 465 quom

84 475 268 514 victores
300 475 441 514 velint.
487 474 669 524 proinde
702 474 784 514 sibi
820 485 1045 524 regnoque
1079 486 1160 514 suo
1195 475 1440 515 consuleret

84 545 168 573 neu
196 533 387 573 florentis
414 545 480 573 res
507 545 608 573 suas
637 545 734 573 cum
762 533 998 583 Iugurthae
1026 534 1202 583 perditis
1230 535 1439 574 misceret.

83 593 138 632 ad
166 604 219 633 ea
245 604 316 632 rex
343 594 446 632 satis
474 593 644 642 placide
671 593 804 632 verba
825 593 940 633 iacit:
972 604 1069 633 sese
1091 605 1244 642 pacem
1268 605 1437 643 cupere,
1464 598 1486 629 2

83 652 160 692 sed
187 652 416 702 Iugurthae
444 652 709 692 fortunarum
738 653 949 697 misereri:
977 653 1011 691 si
1041 652 1194 692 eadem
1223 653 1282 692 illi
1311 654 1438 702 copia

85 711 214 757 fieret,
250 713 398 751 omnia
432 717 709 751 conventura.
757 723 901 751 rursus
929 712 1161 761 imperator
1189 717 1337 752 contra
1361 724 1436 762 po·
1463 718 1485 748 3

83 771 239 810 stulata
267 770 422 810 Bocchi
459 772 634 810 nuntios
663 772 807 817 mittit;
843 771 914 810 ille
941 772 1124 820 probare
1153 773 1318 820 partim,
1352 772 1437 811 alia

81 830 283 870 abnuere.
319 842 371 870 eo
398 831 531 870 modo
554 842 687 879 saepe
709 831 763 870 ab
783 834 966 880 utroque
990 832 1132 870 missis
1155 832 1436 881 remissisque

81 890 242 928 nuntiis
280 895 451 939 tempus
480 890 725 939 procedere,
753 894 794 929 et
828 901 879 929 ex
907 890 1069 929 Metelli
1095 890 1321 930 voluntate
1348 891 1436 930 bel-

81 948 168 987 lum
197 950 402 988 intactum
429 949 548 989 trahi.

138 1007 195 1047 At
227 1008 398 1054 Marius,
438 1013 481 1047 ut
520 1019 650 1060 supra
685 1007 886 1053 diximus,
923 1009 1265 1057 cupientissuma
1306 1009 1505 1058 plebe&t

80 1067 232 1106 consul
266 1067 414 1113 factus,
450 1072 685 1117 postquam
713 1068 752 1107 ei
781 1068 1050 1116 provinciam
1078 1067 1330 1107 Numidiam
1359 1080 1434 1118 po-

80 1126 207 1178 pulus
247 1128 381 1173 iussit,
420 1132 549 1166 antea
587 1128 673 1166 iam
714 1127 895 1166 infestus
934 1127 1159 1173 nobilitati,
1199 1132 1290 1167 tum
1329 1139 1433 1167 vero

79 1185 239 1225 multus
267 1190 399 1235 atque
425 1186 544 1226 ferox
572 1187 750 1231 instare;
777 1186 975 1236 singulos
1003 1186 1150 1233 modo,
1167 1187 1312 1239 ¹modo
1341 1189 1433 1226 uni-

78 1256 232 1285 vorsos
260 1245 449 1291 laedere;
477 1245 669 1284 dictitare
697 1256 795 1285 sese
822 1245 1096 1285 consulatum
1126 1257 1178 1285 ex
1203 1247 1327 1286 victis
1349 1247 1432 1286 illis

79 1304 221 1353 spolia
254 1305 435 1354 cepisse,
467 1305 553 1343 alia
585 1309 808 1353 praeterea
841 1305 1075 1354 magnifica
1102 1317 1178 1354 pro
1206 1317 1254 1345 se
1281 1311 1322 1345 et
1349 1306 1431 1345 illis

77 1362 281 1403 dolentia.
320 1364 487 1403 interim
516 1375 629 1413 quae
655 1363 771 1403 bello
800 1375 912 1413 opus
933 1369 1063 1410 erant,
1092 1365 1229 1413 prima
1250 1365 1427 1405 habere:

78 1422 296 1471 postulare
329 1423 577 1473 legionibus
611 1423 977 1472 supplementum,
1011 1424 1171 1462 auxilia
1201 1435 1227 1462 a
1254 1425 1429 1474 populis

78 1486 118 1520 et
152 1482 325 1531 regibus
359 1493 587 1528 arcessere,
622 1487 843 1531 praeterea
874 1494 925 1522 ex
953 1482 1075 1522 Latio
1102 1484 1322 1533 sociisque
1349 1484 1429 1524 for-

77 1541 306 1580 tissumum
328 1552 560 1591 quemque,
581 1541 814 1591 plerosque
835 1541 1025 1588 militiae,
1047 1553 1212 1591 paucos
1228 1543 1344 1582 fama
1360 1555 1429 1583 co-

77 1601 233 1649 gnitos,
261 1602 398 1640 accire
425 1605 466 1640 et
486 1600 725 1640 ambiundo
749 1612 905 1651 cogere
926 1601 1128 1641 homines
1150 1603 1338 1641 emeritis
1359 1604 1428 1642 sti-

77 1659 248 1708 pendiis
270 1671 418 1699 secum
441 1660 665 1709 proficisci.
701 1671 846 1709 neque
868 1660 926 1699 illi
949 1666 1137 1706 senatus,
1159 1673 1428 1711 quamquam
1455 1666 1476 1697 3

76 1718 288 1758 advorsus
304 1724 403 1765 erat,
426 1720 480 1759 de
496 1719 584 1759 ullo
600 1720 778 1769 negotio
795 1720 987 1759 abnuere
1002 1720 1204 1760 audebat.
1239 1726 1428 1760 ceterum

76 1777 429 1827 supplementum
452 1779 581 1818 etiam
597 1778 735 1818 laetus
751 1778 1010 1824 decreverat,
1033 1780 1135 1828 quia
1151 1791 1295 1829 neque
1311 1780 1428 1829 plebi

78 1837 228 1876 militia
259 1837 423 1877 volenti
458 1838 687 1886 putabatur
714 1843 755 1877 et
782 1838 942 1877 Marius
970 1842 1043 1877 aut
1070 1838 1171 1878 belli
1200 1850 1327 1878 usum
1354 1846 1428 1879 aut

77 1895 220 1935 studia
239 1896 358 1946 volgi
379 1898 628 1936 amissurus.
661 1897 739 1936 sed
762 1908 813 1936 ea
835 1908 900 1936 res
922 1897 1072 1936 frustra
1093 1903 1280 1947 sperata:
1309 1903 1428 1943 tanta

77 1954 227 1995 lubido
249 1967 346 1994 cum
368 1956 503 1996 Mario
527 1956 657 1995 eundi
680 1956 912 2005 plerosque
934 1957 1160 1997 invaserat.
1194 1969 1291 1997 sese
1313 1959 1427 2007 quis·
1452 1974 1475 2004 4

1458 1369 1477 1399 Ν)

138 2082 153 2114 1
184 2086 219 2114 et
237 2082 268 2114 X
289 2093 360 2115 om.
381 2085 458 2116 rell.
527 2084 547 2116 3
569 2085 768 2123 aegerrime
788 2080 929 2116 XN¹1n
950 2086 1122 2117 acerrime
1143 2086 1221 2117 rell.
1292 2086 1330 2117 11
1355 2087 1426 2117 alia

75 2129 174 2162 XTn
195 2131 322 2169 partim
345 2132 422 2163 rell.
490 2131 536 2162 26
556 2140 678 2170 neque
692 2154 701 2163 .
716 2155 724 2164 .
739 2155 748 2164 .
763 2132 922 2164 audebat
943 2133 1049 2165 Avus.
1068 2142 1225 2172 yramm.
1240 2133 1297 2165 Vll
1305 2137 1376 2171 450,
1388 2137 1426 2164 15

136 2186 357 2216 quamquam
385 2178 466 2210 adv.
486 2182 562 2210 erat
587 2188 658 2210 om.
679 2179 785 2210 Aras.
871 2179 916 2210 27
944 2180 1027 2211 abn.
1049 2178 1221 2218 audebat]
1250 2182 1426 2212 abnueret

74 2222 236 2263 (vel-rat)
283 2224 390 2256 Aras.
494 2225 539 2257 28
579 2234 702 2264 neque
724 2250 731 2257 .
753 2249 760 2255 .
783 2250 790 2258 .
813 2227 1006 2264 putabatur
1044 2228 1158 2259 Prisc.
1189 2237 1346 2267 qramm.
1378 2228 1428 2259 ΙΙΙ

74 2274 147 2309 285,
163 2276 177 2303 1
230 2271 274 2303 29
290 2272 415 2303 militia
432 2272 609 2304 CKFlsn
625 2274 738 2304 Prisc.
752 2273 913 2304 militiam
931 2275 1007 2306 rell.
1023 2276 1130 2306 codd.
1182 2275 1328 2306 volente
1338 2271 1425 2307 A2'C
