1593 2496
482 297 536 349 C.
576 295 896 350 SALLUSTI
939 297 1151 349 CRISPI

321 405 763 468 CATILINAE
809 405 1318 469 CONIURATIO

86 515 109 552 Π
204 512 357 553 Omnis
393 513 606 558 homines,
642 513 714 562 qui
752 524 849 553 sese
882 513 1056 552 student
1088 518 1304 562 praestare
1338 515 1488 554 ceteris

143 572 417 618 animalibus,
454 582 625 611 summa
662 583 746 621 ope
779 573 855 611 niti
889 572 1024 618 decet,
1060 583 1115 612 ne
1147 573 1280 612 vitam
1314 573 1486 613 silentio

142 637 361 671 transeant
380 631 513 671 veluti
542 642 710 680 pecora,
738 642 850 680 quae
871 635 1023 671 natura
1044 642 1181 680 prona
1201 636 1332 681 atque
1351 633 1488 672 ventri
1525 642 1542 667 5

83 700 115 731 ,2
143 690 423 731 oboedientia
455 690 587 729 finxit.
627 689 704 729 sed
737 694 883 729 nostra
917 691 1059 730 omnis
1092 691 1158 729 vis
1192 691 1234 730 in
1268 691 1414 731 animo
1448 697 1489 731 et

143 761 322 799 corpore
355 751 436 788 sita
469 753 548 788 est:
583 749 714 787 animi
749 750 942 798 imperio,
976 750 1166 798 corporis
1200 751 1373 790 servitio
1401 761 1488 789 ma-

144 810 210 859 gis
243 810 417 853 utimur:
454 808 634 847 alterum
667 808 794 848 nobis
828 820 926 847 cum
960 808 1038 855 dis,
1071 809 1252 848 alterum
1286 821 1383 848 cum
1417 809 1489 849 be-

87 871 119 903 .3
148 868 229 907 luis
275 878 507 908 commune
547 872 622 907 est.
673 879 760 917 quo
800 867 905 906 mihi
941 869 1096 907 rectius
1135 868 1304 908 videtur
1342 869 1488 919 ingeni

143 939 273 977 quam
301 927 454 965 virium
484 926 641 975 opibus
663 926 844 976 gloriam
866 938 1084 976 quaerere,
1112 932 1152 967 et
1173 928 1381 977 quoniam
1401 929 1489 967 vita
1509 936 1543 964 10

144 987 238 1034 ipsa
274 997 360 1035 qua
396 985 571 1025 iruImur
607 986 749 1025 brevis
786 990 861 1032 est,
896 987 1151 1026 memoriam
1187 988 1320 1027 nostri
1357 998 1489 1036 quam

82 1050 115 1081 *4
143 1056 346 1084 maxume
385 1045 562 1094 longam
599 1044 778 1084 efficere.
830 1056 930 1084 nam
967 1045 1211 1085 divitiarum
1250 1051 1289 1085 et
1326 1045 1489 1085 formae

142 1104 279 1154 gloria
311 1104 428 1143 fluxa
460 1109 591 1153 atque
624 1104 784 1153 fragilis
818 1109 893 1150 est,
927 1105 1060 1144 virtus
1088 1104 1200 1144 clara
1226 1110 1489 1154 aeternaque

143 1163 336 1203 habetur.

98 1228 117 1258 5
205 1222 290 1262 Sed
325 1222 398 1261 diu
433 1233 640 1271 magnum
668 1224 775 1262 inter
802 1222 994 1262 mortalis
1022 1228 1238 1263 certamen
1266 1224 1355 1269 fuit,
1388 1225 1489 1262 vine
1511 1232 1543 1258 15

143 1282 332 1330 corporis
373 1292 428 1320 an
469 1282 622 1320 virtute
661 1282 792 1320 animi
832 1293 898 1321 res
938 1282 1130 1322 militaris
1166 1283 1306 1333 magis
1344 1293 1490 1332 proce-

84 1344 118 1376 «δ
147 1341 275 1380 deret.
326 1352 427 1379 nam
475 1345 513 1380 et
553 1341 670 1390 prius
710 1352 841 1390 quam
878 1341 1060 1390 incipias
1097 1342 1296 1381 consulto
1337 1346 1378 1381 et
1416 1341 1488 1381 ubi

98 1403 119 1435 7
149 1400 417 1439 consulueris
457 1405 623 1439 mature
655 1400 767 1440 facto
802 1411 914 1449 opus
942 1405 1017 1441 est.
1063 1401 1121 1440 ita
1153 1406 1383 1450 utrumque
1416 1411 1490 1449 per

190 1504 210 1536 2
243 1504 296 1536 De
323 1506 433 1536 titulo
466 1506 548 1536 vide
581 1503 637 1544 Ay
665 1508 724 1536 155
741 1514 820 1545 sqq.
944 1505 963 1537 3
998 1506 1116 1537 omnis
1149 1506 1318 1538 homines
1351 1505 1490 1538 *Chat

141 1561 298 1591 gramm.
313 1552 329 1583 I
343 1555 412 1588 149,
432 1556 469 1583 17
493 1552 613 1584 Βὶοιη.
627 1562 784 1591 ρνανηηι.
799 1552 898 1588 1305,
912 1556 953 1583 29
1008 1554 1128 1584 omnis
1143 1577 1151 1585 .
1167 1577 1174 1585 .
1191 1578 1198 1585 .
1213 1553 1360 1584 student
1373 1553 1488 1584 Prisc.

141 1600 477 1638 yran1n1.ll.353,15
538 1601 656 1631 omnis
672 1624 679 1631 .
695 1624 703 1631 .
720 1624 726 1631 .
744 1603 927 1639 praestare
947 1600 1041 1631 Non.
1059 1610 1097 1640 p.
1117 1604 1234 1638 371,11
1302 1601 1421 1631 omnis
1436 1625 1443 1631 .
1456 1625 1463 1632 .
1481 1625 1488 1631 .

142 1647 360 1677 animalibus
401 1646 513 1679 Char.
586 1656 743 1686 yramm.
776 1647 793 1678 Ι
828 1650 898 1683 140,
915 1651 928 1678 1
973 1647 1163 1687 Euqraph.
1201 1647 1277 1679 Ter.
1309 1647 1401 1679 Ειιιι.
1427 1651 1489 1678 232

145 1718 148 1720 .
191 1695 332 1725 omneis
380 1694 490 1726 Char.
532 1703 660 1725 omnes
697 1694 886 1734 Euyraplz.
940 1695 1001 1733 qui
1028 1719 1035 1726 .
1058 1719 1064 1726 .
1087 1719 1094 1726 .
1121 1695 1340 1726 animalibus
1381 1695 1488 1727 Aras.

141 1750 297 1781 yramm.
318 1741 375 1773 Vll
392 1745 463 1778 508,
478 1747 497 1774 4
566 1744 747 1780 praestare
775 1742 903 1773 ceteris
924 1742 1141 1773 animalibus
1161 1742 1281 1773 Diom.
1301 1751 1459 1781 ,qr-amm.
1475 1742 1491 1773 Ι

135 1792 213 1824 313,
229 1792 263 1819 11
352 1788 371 1819 5
406 1798 539 1827 pecora
560 1814 568 1820 .
591 1814 598 1820 .
621 1813 628 1821 .
649 1788 753 1820 finxit
785 1789 890 1820 Aras.
922 1798 1077 1827 yramm.
1103 1789 1161 1821 Vll
1184 1793 1254 1827 496,
1269 1793 1312 1820 27
1393 1798 1488 1828 quae

142 1861 150 1868 .
167 1860 173 1867 .
191 1860 197 1867 .
221 1835 323 1866 finxit
374 1835 468 1868 Non.
506 1846 543 1875 p.
581 1840 703 1871 309,11
756 1836 926 1868 Victoria.
975 1837 1068 1868 rhet.
1113 1846 1151 1876 ρ.
1191 1840 1259 1874 160,
1279 1840 1322 1867 36
1372 1837 1484 1868 Prisc.

135 1892 296 1923 gli-amm.
317 1883 366 1914 ΙΙΙ
382 1886 505 1919 37018
568 1884 681 1915 ventri
702 1883 940 1915 oboedientia
959 1883 1041 1915 Sen.
1057 1885 1164 1923 epist.
1178 1880 1288 1923 8(60),
1302 1888 1321 1915 4
1371 1885 1484 1915 oboe-

138 1931 284 1962 dientes
310 1930 392 1962 Sen.
493 1930 513 1962 6
540 1931 606 1963 sed
627 1956 635 1964 .
651 1955 658 1962 .
675 1955 682 1962 .
703 1931 771 1961 sita
797 1934 852 1962 est
877 1930 976 1962 Serv.
998 1931 1084 1962 Aen.
1103 1935 1133 1969 2,
1148 1935 1210 1962 452
1233 1940 1360 1971 yeory.
1382 1935 1409 1969 1,
1427 1935 1486 1962 198

189 1977 254 2008 sed
269 2001 277 2008 .
293 2001 300 2008 .
318 2002 324 2008 .
340 1978 470 2009 utimur
502 1979 600 2010 Lact.
625 1979 710 2009 inst.
731 1982 761 2013 2,
777 1982 826 2016 12,
843 1982 881 2009 12
988 1977 1006 2009 7
1033 1979 1144 2009 animi
1161 2003 1167 2009 .
1184 2003 1191 2009 .
1209 2003 1215 2009 .
1231 1979 1361 2009 utimur
1386 1978 1485 2010 Hier.

133 2026 193 2056 aad
227 2024 308 2056 Gal.
334 2029 363 2061 5,
380 2029 420 2055 16
447 2024 565 2064 11410
591 2027 642 2057 acl
672 2025 763 2064 ΕρΙι.
783 2029 814 2063 5,
828 2028 868 2056 33
885 2035 922 2065 ρ.
942 2028 1005 2056 537
1082 2026 1193 2056 animi
1215 2050 1223 2057 .
1239 2051 1245 2057 .
1263 2050 1270 2057 .
1291 2033 1486 2057 commune

133 2073 221 2103 est*
241 2071 339 2103 Hier.
361 2074 445 2104 adv.
468 2073 579 2104 lovin.
600 2077 630 2108 2,
647 2076 685 2103 10
698 2072 789 2111 Any.
804 2074 870 2104 civ.
884 2076 914 2110 9,
928 2076 949 2103 9
998 2073 1142 2105 animae
1156 2072 1254 2104 Hz'er.
1270 2073 1354 2104 adv.
1369 2072 1484 2104 Ιουῖη.

191 2119 211 2150 8
232 2116 374 2157 utimur]
399 2119 517 2151 vivere
537 2120 636 2151 Hier.
651 2121 702 2151 acl
723 2119 804 2151 Gal.
856 2120 1003 2151 alterurn
1025 2120 1177 2151 nobis..
1195 2144 1202 2151 .
1219 2128 1412 2151 commune
1432 2124 1486 2152 est

133 2166 242 2198 Serv.
264 2165 353 2197 Aen.
372 2170 404 2204 5.
423 2170 455 2197 31
526 2166 546 2198 9
567 2165 720 2204 videtur]
749 2175 831 2198 esse
858 2167 998 2198 videtur
1018 2166 1211 2199 XNMTm
1237 2167 1378 2200 videtur
1404 2175 1486 2198 esse

138 2213 404 2245 *BKHDFlsn
466 2214 506 2245 10
524 2217 629 2246 et...
648 2213 794 2246 efficere
813 2214 984 2246 Vtctorirz.
999 2215 1092 2246 rhet·
1116 2224 1153 2254 p.
1170 2217 1288 2252 160,33
1339 2213 1381 2245 17
1402 2223 1484 2245 nam

136 2285 153 2291 ..
168 2284 175 2292 .
192 2283 200 2292 .
221 2269 314 2299 opus
342 2264 393 2290 est
428 2260 521 2292 Doti.
545 2261 621 2292 Ter.
643 2261 755 2292 Andr.
774 2264 835 2292 ,724
863 2261 974 2292 Prisc.
994 2270 1151 2299 qramm.
1172 2261 1220 2292 111
1238 2265 1299 2292 226
1322 2265 1342 2291 3
1361 2265 1422 2292 288
1437 2265 1488 2291 ,17
