1593 2496
83 345 101 375 7

81 474 102 506 8

80 653 103 683 9

73 998 101 1036 b

80 1237 101 1269 &¹³

127 58 155 96 6
562 51 602 88 C.
623 51 865 88 SALLUSTI
895 52 1051 89 CRISPI

128 163 412 203 minationem
452 163 494 204 L.
528 163 674 203 Sullae
718 163 869 204 lubido
914 175 1118 204 maxuma
1162 165 1379 205 invaserat
1416 166 1476 206 rei

129 222 330 271 publicae
363 223 625 272 capiundae;
658 234 804 272 neque
836 223 879 262 id
909 224 1067 273 quibus
1094 224 1238 264 modis
1264 224 1477 274 adseque-

128 286 251 327 retur,
278 281 382 320 dum
411 281 491 321 sibi
519 293 700 332 regnum
729 287 906 331 pararet,
933 283 1167 332 quicquam
1195 284 1318 332 pensi
1345 283 1476 324 habe-

129 340 212 381 bat.
251 341 495 390 agitabatur
527 342 666 391 magis
699 341 929 391 magisque
962 343 1004 380 in
1039 342 1133 382 dies
1159 343 1330 382 animus
1357 343 1477 383 ferox

129 400 278 449 inopia
304 400 362 439 rei
390 399 610 439 familiaris
635 404 675 440 et
696 401 962 440 conscientia
983 400 1206 447 scelerum,
1232 413 1346 451 quae
1367 406 1476 441 utra·
1512 408 1532 438 5

129 470 215 508 que
247 459 298 498 iis
333 459 494 498 artibus
527 464 715 505 auxerat,
748 470 857 508 quas
884 470 1014 508 supra
1040 461 1291 500 memoravi.
1330 461 1476 500 incita-

128 518 231 557 bant
265 523 486 567 praeterea
519 519 704 567 corrupti
732 519 915 558 civitatis
942 529 1098 565 mores,
1131 530 1244 568 quos
1271 530 1477 569 pessuma

128 588 179 616 ac
194 577 370 617 divorsa
385 578 493 616 inter
507 588 554 616 se
569 576 695 623 mala,
716 576 882 616 luxuria
898 582 1028 627 atque
1043 579 1233 625 avaritia,
1247 579 1477 619 vexabant.

188 635 270 676 Res
303 636 399 685 ipsa
431 636 588 676 hortari
620 636 802 682 videtur,
835 637 1044 686 quoniam
1075 637 1130 676 de
1156 638 1350 677 moribus
1376 638 1477 677 civi-

129 695 226 734 tatis
259 700 431 744 tempus
458 695 696 741 admonuit,
729 706 859 744 supra
885 700 1077 744 repetere
1104 706 1155 735 ac
1182 698 1331 745 paucis
1358 697 1475 736 insti·
1497 703 1531 731 1⁰

128 759 218 793 tuta
244 754 457 794 maiorum
486 754 604 794 domi
632 754 911 803 militiaeque,
943 766 1031 804 quo
1059 755 1194 795 modo
1220 767 1309 795 rem
1338 755 1477 805 publi-

128 824 222 852 cam
252 813 480 853 habuerint
506 818 805 863 quantamque
833 813 1092 863 reliquerint,
1120 819 1165 854 ut
1185 814 1394 863 paulatim
1415 816 1477 855 in-

127 877 291 912 mutata
327 883 379 912 ex
416 872 718 921 pulcherruma
748 870 910 921 <atque
943 869 1152 922 optuma>
1185 884 1391 923 pessuma
1425 884 1477 914 ac

129 931 487 981 flagitiosissuma
513 931 624 971 facta
651 933 715 978 sit,
743 932 966 972 disserere.

188 990 346 1030 Urbem
381 990 577 1037 Romam,
608 991 732 1030 sicuti
767 1002 851 1041 ego
885 992 1045 1040 accepi,
1079 991 1313 1032 condidere
1345 997 1476 1041 atque
1496 999 1531 1026 15

128 1050 319 1089 habuere
346 1050 468 1089 initio
489 1049 675 1096 Troiani,
702 1050 776 1099 qui
797 1050 948 1090 Aenea
974 1050 1085 1091 duce
1107 1051 1276 1100 profugi
1298 1051 1477 1091 sedibus

128 1110 298 1149 incertis
324 1109 606 1158 vagabantur,
640 1120 828 1159 cumque
855 1110 905 1148 iis
932 1109 1205 1159 Aborigines,
1234 1121 1374 1160 genus
1401 1109 1477 1150 ho-

128 1169 294 1207 minum
310 1173 492 1218 agreste,
514 1169 607 1207 sine
622 1168 804 1218 legibus,
826 1169 920 1208 sine
935 1169 1128 1218 imperio,
1149 1168 1330 1209 liberum
1345 1174 1476 1219 atque

128 1227 330 1267 solutum.
370 1227 412 1266 hi
441 1232 642 1276 postqam
665 1229 707 1267 in
729 1238 817 1267 una
836 1229 1012 1267 moenia
1033 1239 1288 1274 convenere,
1315 1228 1475 1277 dispari

129 1298 300 1336 genere,
328 1286 526 1326 dissimili
548 1286 708 1337 lingua,
735 1287 846 1326 alius
867 1287 952 1327 alio
973 1298 1093 1327 more
1113 1288 1322 1333 viventes,
1344 1288 1475 1327 incre·
1494 1292 1531 1322 2⁰

129 1345 260 1385 dibile
292 1350 534 1385 memoratu
562 1351 625 1386 est
651 1357 782 1396 quam
811 1345 935 1386 facile
963 1346 1215 1386 coaluerint:
1243 1345 1328 1395 <ita
1356 1346 1475 1386 brevi

129 1404 360 1445 multitudo
394 1405 589 1454 dispersa
621 1410 752 1454 atque
785 1416 900 1455 vaga
927 1406 1159 1445 concordia
1187 1406 1337 1445 civitas
1365 1405 1475 1445 facta

130 1460 256 1513 erat).
285 1464 362 1504 sed
398 1468 630 1513 postquam
664 1476 730 1504 res
764 1475 913 1504 eorum
948 1465 1115 1504 civibus
1142 1465 1334 1505 moribus
1361 1466 1475 1515 agris

129 1528 255 1562 aucta
287 1524 390 1562 satis
424 1534 631 1572 prospera
664 1524 858 1572 satisque
885 1523 1054 1572 pollens
1080 1523 1318 1570 videbatur,
1351 1525 1474 1563 sicuti

130 1582 337 1631 pleraque
364 1582 609 1622 mortalium
632 1583 855 1629 habentur,
883 1583 1046 1622 invidia
1067 1594 1119 1623 ex
1141 1583 1363 1632 opulentia
1384 1587 1475 1622 orta
1493 1588 1531 1617 25

130 1646 204 1681 est.
256 1642 384 1691 igitur
428 1653 551 1691 reges
597 1642 837 1691 populique
876 1642 1059 1681 finitumi
1099 1642 1214 1681 bello
1252 1646 1473 1690 temptare,
1584 1640 1586 1643 ’

187 1734 208 1765 6
234 1735 435 1766 incitabant
450 1760 458 1767 .
474 1759 481 1767 .
497 1760 505 1767 .
521 1744 639 1767 mores
660 1735 862 1768 Commeat.
883 1735 1017 1768 Lucan.
1040 1739 1068 1774 1,
1084 1739 1144 1767 159
1193 1734 1214 1766 9
1229 1736 1402 1774 quoniam
1417 1759 1425 1767 .
1441 1760 1448 1767 .
1464 1760 1472 1767 .

128 1782 282 1813 civitatis
310 1781 488 1814 *SacercL
508 1792 665 1822 yramm.
690 1782 733 1814 Vl
755 1786 862 1823 446,8
974 1782 1016 1814 12
1043 1785 1077 1814 et
1103 1786 1141 1813 ut
1167 1778 1290 1814 A²CB
1384 1791 1472 1821 pau-

128 1829 225 1860 latim
243 1853 273 1861 ..
290 1854 297 1860 .
314 1829 409 1861 facta
435 1830 480 1861 sit
506 1830 596 1869 Any.
618 1831 684 1862 civ.
710 1833 741 1868 2,
757 1833 805 1862 18.
845 1834 884 1862 19
987 1830 1028 1862 13
1056 1833 1166 1869 atque
1192 1833 1342 1868 optuma
1367 1829 1472 1869 Any„

127 1885 198 1908 om.
219 1877 327 1908 codd.
407 1885 450 1908 ac
476 1876 775 1916 flagitiosissuma
801 1886 872 1909 om.
892 1876 920 1909 P
940 1873 999 1914 (ac
1019 1877 1178 1908 fla-sima
1198 1878 1235 1909 in
1255 1886 1325 1917 my.
1342 1871 1403 1916 ΡΞ)
1429 1885 1473 1909 ac

127 1923 267 1962 flagitio
295 1924 332 1955 in
363 1932 437 1956 ras.
453 1923 485 1955 Α
592 1925 633 1956 15
660 1925 784 1957 urbem
800 1948 807 1956 .
823 1949 831 1957 .
844 1949 852 1956 .
867 1924 1012 1957 Troiani
1044 1924 1136 1956 Non.
1156 1934 1194 1964 ρ.
1214 1928 1286 1962 249,
1305 1928 1347 1956 25
1372 1923 1472 1956 Serv.

127 1970 214 2002 Aen.
238 1975 265 2007 7,
279 1974 320 2002 48
347 1974 375 2009 1,
390 1974 411 2002 6
438 1968 583 2010 (libere)
657 1972 782 2004 urbem
798 1996 806 2004 .
821 1997 830 2004 .
846 1996 854 2004 .
868 1972 1094 2011 vagabantur
1113 1972 1208 2011 Any.
1228 1972 1296 2004 civ.
1313 1974 1367 2008 3,3
1416 1979 1472 2003 ur-

128 2018 210 2049 bem
228 2042 235 2049 .
252 2042 259 2050 .
276 2042 284 2049 .
299 2017 520 2057 Aborigines
546 2018 645 2051 Serv.
659 2019 747 2051 Aen.
764 2023 792 2058 7,
806 2023 867 2051 678
881 2019 1013 2059 cfilsid.
1029 2020 1124 2058 oriy.
1139 2023 1188 2058 15,
1201 2023 1230 2055 1,
1245 2022 1261 2050 1
1347 2018 1390 2050 16
1409 2018 1472 2058 qui

127 2089 136 2096 .
151 2089 160 2096 .
175 2090 181 2096 .
199 2066 425 2104 vagabantur
445 2074 515 2097 om.
530 2065 629 2098 Serv.
641 2066 728 2098 Aen.
744 2070 771 2104 7,
786 2070 847 2098 678
902 2075 1058 2105 cumque
1077 2064 1135 2105 iis]
1157 2068 1193 2098 et
1212 2074 1292 2098 cum
1307 2064 1469 2098 hisServ.

127 2112 214 2144 Aen.
237 2116 264 2150 7,
281 2116 341 2144 678
404 2112 446 2143 19
468 2112 503 2143 hi
519 2137 527 2145 .
543 2138 550 2145 .
567 2137 574 2145 .
589 2122 798 2145 convenere
822 2113 922 2146 Serv.
938 2114 1023 2146 Aen.
1040 2117 1088 2151 12,
1105 2117 1164 2145 164
1183 2113 1299 2145 Prisc.
1313 2122 1469 2152 yramm.

126 2159 175 2191 ΙΙΙ
198 2163 269 2198 414,
286 2163 325 2191 13
403 2159 448 2191 20
467 2158 573 2198 alius]
594 2161 655 2192 alii
675 2156 770 2192 B¹ls
855 2161 895 2192 21
920 2161 969 2192 ita
983 2185 991 2193 .
1006 2185 1014 2193 .
1030 2161 1144 2193 ,facta
1163 2162 1238 2192 erat
1257 2160 1348 2200 Any.
1363 2160 1469 2199 epist.

127 2209 197 2243 138,
213 2210 251 2238 10
270 2207 407 2247 Papyr.
425 2205 535 2246 Oxyr.
549 2211 620 2246 884,
634 2212 665 2246 2,
685 2217 756 2239 om.
771 2209 878 2240 codd.
927 2207 972 2239 22
987 2207 1081 2240 facta
1095 2210 1150 2240 est
1159 2208 1296 2247 Papyr.
1345 2206 1389 2239 23
1403 2206 1471 2239 sed

127 2257 321 2293 postquam
339 2279 346 2286 .
362 2251 461 2293 ..(7)
489 2255 665 2292 parabant
690 2255 781 2294 Any.
802 2255 869 2287 civ.
888 2258 918 2294 3,
935 2258 973 2286 10
1027 2253 1107 2293 sedl
1134 2263 1217 2286 nam
1243 2254 1329 2293 Any.
1382 2254 1469 2286 civi-

127 2298 208 2339 bus]
236 2301 379 2340 legibus
405 2301 496 2340 Any.
