1593 2496
134 60 191 100 76
554 53 594 91 C.
615 54 859 91 SALLUSTI
888 53 1045 91 CRISPI

133 165 299 207 Romae
326 168 476 207 omnia
502 167 649 206 venire
677 168 720 206 in
748 168 894 208 animo
923 167 1133 214 haeserat,
1160 168 1297 207 filium
1325 174 1484 208 etcum

132 236 188 268 eo
216 226 329 266 duos
355 226 577 265 familiaris
604 226 660 265 ad
688 231 888 266 senatum
915 226 1086 276 legatos
1113 227 1240 267 mittit
1263 228 1403 277 iisque
1424 230 1486 268 uti

131 283 230 332 illis,
250 297 362 335 quos
378 285 632 334 Hiempsale
652 285 875 326 interfecto
896 286 1083 332 miserat,
1103 287 1323 336 praecipit,
1344 288 1486 327 omnis

83 344 110 393 ξ
135 345 328 385 mortalis
362 345 549 393 pecunia
581 345 901 394 aggrediantur.
940 346 1014 394 qui
1041 349 1275 395 postquam
1302 345 1486 386 Romam

134 404 444 450 adventabant,
470 408 648 444 senatus
675 415 701 442 a
722 404 867 444 Bestia
890 404 1115 444 consultus
1137 408 1212 451 est,
1239 405 1486 454 placeretne
1510 416 1529 442 5

133 464 303 514 legatos
325 462 556 513 Iugurthae
576 463 708 512 recipi
729 463 974 521 moenibus,
1002 464 1118 513 iique
1140 463 1383 511 decrevere,
1403 465 1485 504 nisi

133 533 315 573 regnum
337 523 570 572 ipsumque
591 522 786 562 deditum
808 524 1043 569 venissent,
1070 524 1129 562 uti
1151 524 1194 562 in
1215 523 1371 563 diebus
1392 535 1488 573 pro-

84 585 107 618 3
134 582 277 622 xumis
305 582 458 622 decem
485 580 606 621 Italia
633 581 905 622 decederent.
941 582 1093 622 consul
1115 582 1316 622 Numidis
1343 594 1404 631 ex¹
1422 594 1487 622 se-

132 645 261 681 natus
293 641 467 681 decreto
500 641 685 680 nuntiari
719 641 849 681 iubet.
888 642 944 680 ita
972 641 1138 681 infectis
1166 642 1293 681 rebus
1321 642 1380 681 illi
1407 642 1485 682 do-

134 712 255 740 mum
283 700 524 740 discedunt.
1508 712 1542 739 ιο

86 763 108 793 4
195 759 367 799 Interim
383 758 642 808 Calpurnius
664 764 813 808 parato
836 760 1023 799 exercitu
1046 760 1161 809 legat
1182 760 1262 799 sibi
1285 760 1486 800 homines

133 819 293 859 nobilis
326 819 544 866 factiosos,
578 830 762 868 quorum
797 820 1051 859 auctoritate
1085 830 1197 869 quae
1232 819 1487 869 deliquisset

134 879 302 919 munita
334 878 424 918 fore
457 878 670 928 sperabat.
708 879 749 917 in
785 879 882 927 quis
916 878 993 918 fuit
1019 878 1218 924 Scaurus,
1246 879 1404 929 quoius
1432 879 1486 918 de

84 941 106 973 5
133 942 287 978 natura
314 942 355 977 et
382 938 533 977 habitu
560 949 691 987 supra
718 938 1069 978 memoravimus.
1109 949 1208 977 nam
1238 939 1279 978 in
1308 938 1488 978 consule

132 1001 283 1038 nostro
316 997 478 1036 multae
511 997 745 1046 bonaeque
777 1001 888 1037 artes
920 993 1019 1046 (et)
1051 998 1183 1037 animi
1218 1001 1259 1037 et
1292 998 1484 1047 corporis
1505 1008 1539 1035 15

134 1061 266 1103 erant,
299 1067 408 1106 quas
435 1057 579 1096 omnis
605 1057 785 1096 avaritia
812 1057 1140 1106 praepediebat:
1169 1058 1339 1106 patiens
1365 1056 1485 1096 labo-

134 1127 241 1162 rum,
274 1116 359 1156 acri
389 1116 580 1166 ingenio,
612 1116 716 1155 satis
744 1116 991 1165 providens,
1025 1116 1126 1155 belli
1154 1116 1271 1155 haud
1299 1117 1487 1165 ignarus,

88 1179 110 1210 6
135 1175 424 1215 firmissumus
445 1179 595 1216 contra
616 1175 807 1224 pericula
828 1179 869 1214 et
887 1176 1079 1214 insidias.
1107 1175 1183 1215 sed
1200 1175 1397 1225 legiones
1413 1186 1488 1228 per

134 1234 300 1274 Italiam
321 1234 505 1285 Requm
532 1239 664 1284 atque
692 1234 792 1274 inde
815 1233 1018 1280 Siciliam,
1046 1246 1171 1283 porro
1200 1246 1252 1274 ex
1274 1234 1419 1274 Sicilia
1443 1235 1487 1273 in

88 1298 109 1329 7
134 1293 322 1334 Africam
338 1298 622 1334 transvectae.
643 1295 770 1344 igitur
786 1293 1043 1342 Calpurnius
1059 1294 1179 1333 initio
1197 1295 1356 1343 paratis
1371 1305 1487 1334 com-
1506 1303 1540 1331 20

135 1354 352 1393 meatibus
390 1354 540 1393 acriter
573 1353 824 1393 Numidiam
865 1354 1086 1403 ingressus
1125 1359 1200 1399 est,
1239 1353 1488 1402 multosque

70 1413 329 1458 29mortalis
361 1417 402 1452 et
435 1413 552 1453 urbis
585 1413 752 1462 aliquot
786 1413 1025 1462 pugnando
1055 1413 1179 1462 cepit.
1219 1412 1296 1452 sed
1323 1413 1397 1452 ubi
1423 1411 1487 1451 Iu-

136 1472 292 1522 gurtha
333 1484 408 1521 per
448 1472 617 1522 legatos
656 1473 842 1521 pecunia
880 1476 1090 1521 temptare
1126 1472 1328 1521 bellique,
1366 1471 1484 1521 quod

137 1531 477 1577 administrabat,
525 1532 802 1581 asperitatem
846 1531 1075 1571 ostendere
1118 1532 1274 1580 coepit,
1315 1532 1486 1570 animus

90 1596 110 1626 2
137 1602 268 1641 aeger
299 1591 480 1630 avaritia
511 1590 635 1630 facile
669 1602 909 1631 convorsus
941 1596 1016 1631 est.
1056 1596 1244 1630 ceterum
1272 1591 1416 1630 socius
1445 1594 1486 1630 et
1505 1600 1540 1627 25

138 1650 391 1693 administer
438 1651 633 1691 omnium
683 1650 962 1690 consiliorum
1008 1650 1248 1689 adsumitur
1287 1648 1486 1694 Scaurus,

138 1710 212 1759 qui
244 1710 416 1749 tametsi
448 1721 473 1748 a
507 1710 717 1758 principio
740 1709 957 1758 plerisque
984 1721 1035 1749 ex
1063 1710 1249 1749 factione
1277 1710 1370 1748 eius
1398 1720 1487 1748 cor-

138 1770 273 1818 ruptis
305 1780 526 1809 acerrume
560 1780 705 1818 regem
740 1770 1067 1818 impugnaverat,
1100 1774 1243 1807 tamen
1273 1768 1486 1817 magnitu-

138 1828 240 1868 dine
274 1829 486 1877 pecuniae
513 1840 538 1867 a
570 1829 688 1868 bono
718 1828 993 1877 honestoque
1021 1829 1062 1867 in
1092 1839 1271 1877 pravom
1299 1828 1486 1866 abstrac-

91 1892 111 1923 3
137 1892 207 1926 tus
234 1893 309 1927 est.
345 1888 423 1927 sed
450 1887 655 1940 Iugurtha
680 1888 818 1937 primo
846 1887 1149 1928 tantummodo
1178 1886 1278 1926 belli
1305 1886 1486 1940 redime-
1505 1896 1540 1922 30

140 1947 224 1992 bat,
253 1948 520 1986 existumans
546 1958 644 1986 sese
672 1946 835 1996 aliquid
863 1947 1030 1986 interim
1059 1945 1222 1986 Romae
1250 1946 1386 1995 pretio
1415 1949 1487 1984 aut

202 2075 217 2106 1
246 2084 379 2107 venum
408 2077 457 2107 ire
484 2075 616 2107 CBHs
692 2075 712 2106 3
740 2076 916 2114 praecipit
941 2075 998 2106 Xs
1026 2075 1212 2113 praecepit
1235 2075 1312 2107 rell.
1386 2074 1408 2105 8
1428 2082 1486 2106 se-

140 2123 216 2154 nati
249 2121 400 2155 Diersclz
432 2124 522 2162 fort.
543 2125 650 2161 recte,
684 2125 725 2154 ut
750 2124 787 2154 in
811 2122 920 2155 Catil.
941 2125 991 2160 30,
1003 2126 1033 2153 3.
1059 2126 1109 2160 36,
1122 2126 1151 2153 5.
1178 2125 1230 2160 53,
1246 2126 1260 2153 1
1288 2122 1365 2160 1119.
1386 2124 1436 2160 40,
1452 2126 1485 2157 1,

140 2170 186 2209 cf.
208 2171 331 2202 tamen
354 2170 465 2203 Catil.
484 2174 535 2209 51,
549 2174 592 2202 36
649 2170 690 2202 12
706 2171 919 2202 auctoritate
934 2169 961 2201 C
972 2166 1030 2200 Ps
1046 2165 1088 2210 -l-
1104 2179 1148 2201 tn.
1163 2174 1183 2200 2
1196 2168 1388 2201 ABNHD
1402 2177 1486 2201 auc-

142 2217 265 2249 toritas
292 2218 371 2250 rell.
442 2217 484 2249 14
510 2218 547 2249 in
568 2217 720 2250 consule
741 2243 749 2250 .
765 2242 773 2249 .
788 2242 795 2249 .
817 2217 970 2249 insidias
989 2217 1196 2256 *Frontosz
1213 2213 1488 2255 109N(Hauler

137 2274 176 2303 ρ.
197 2262 273 2304 162)
350 2265 391 2296 15
412 2267 447 2296 et
468 2265 618 2304 Fronto,
639 2274 708 2296 om.
724 2266 831 2297 codd.
908 2263 950 2295 18
971 2264 1126 2296 invidias
1146 2263 1315 2295 PANlm
1336 2263 1485 2301 Fronto,

140 2312 227 2350 fort.
250 2314 345 2344 recte
418 2312 464 2344 30
489 2313 609 2351 primo
637 2312 776 2344 AYsm
803 2313 954 2350 primum
984 2313 1061 2343 rell.
