1593 2496
367 85 571 121 BELLUM
600 84 964 121 IUGURTHINUM
992 88 1131 120 87—90
1346 88 1429 130 125

75 198 321 248 Iugurtham
357 198 413 237 ob
446 208 552 237 suos
582 197 787 236 tutandos
815 197 856 235 in
886 207 1042 236 manus
1068 202 1311 237 venturum.
1350 197 1428 236 sed
1455 201 1477 233 3

75 258 148 297 ubi
182 257 301 296 illum
336 256 484 306 procul
518 257 674 296 abesse
709 261 750 296 et
783 255 878 295 aliis
906 256 1093 305 negotiis
1121 256 1333 295 intentum
1361 267 1429 295 ac-

75 318 198 366 cepit,
232 317 396 356 maiora
431 320 470 355 et
503 316 643 366 magis
674 326 830 364 aspera
865 315 1043 365 aggredi
1078 320 1250 364 tempus
1283 315 1427 354 visum

74 381 150 416 est.

24 446 42 472 5
133 435 228 474 Erat
256 436 362 474 inter
391 435 577 484 ingentis
605 434 863 474 solitudines
891 433 1103 483 oppidum
1132 444 1342 483 magnum
1368 438 1429 472 at-
1456 440 1476 471 4

74 505 159 544 que
171 494 322 534 valens
338 495 516 533 nomine
526 492 680 542 Capsa,
695 494 855 543 quoius
865 492 1063 533 conditor
1078 492 1285 532 Hercules
1298 492 1428 543 Libys

74 554 406 593 memorabatur.
435 554 528 592 eius
550 554 667 592 cives
689 552 806 602 apud
821 552 1070 602 Iugurtham
1093 553 1322 598 immunes,
1343 551 1429 591 levi

74 614 256 662 imperio
285 617 325 652 et
352 613 409 652 ob
437 623 489 652 ea
510 612 767 652 fidelissumi
789 611 1072 658 habebantur,
1100 612 1253 651 muniti
1275 611 1429 651 advor-

74 683 170 711 sum
205 672 341 712 hostis
375 682 462 712 non
496 672 728 711 moenibus
761 671 896 711 modo
931 676 972 711 et
1001 672 1130 710 armis
1157 675 1289 721 atque
1314 671 1430 717 viris,

20 741 54 768 10
72 742 224 770 verum
247 732 375 770 etiarn
397 731 532 771 multo
555 732 695 780 magis
711 731 906 770 locorum
921 731 1163 780 asperitate.
1191 741 1292 769 nam
1309 741 1429 780 prae·
1456 736 1476 766 5

72 796 135 830 ter
162 790 326 842 oppido
353 792 598 840 propinqua
619 790 703 829 alia
725 791 873 830 omnia
893 795 1028 836 vasta,
1057 790 1227 836 inculta,
1256 790 1431 839 egentia

72 861 227 899 aquae,
262 850 416 889 infesta
449 850 734 899 serpentibus,
769 860 951 899 quarum
979 850 1045 889 vis
1080 850 1203 889 sicuti
1232 849 1429 889 omnium

73 909 258 948 ferarum
277 910 427 958 inopia
442 910 524 948 cibi
541 910 687 949 acrior.
715 909 770 948 ad
786 909 869 948 hoc
885 913 1037 948 natura
1053 909 1318 958 serpentium
1334 909 1430 957 ipsa

74 969 318 1017 perniciosa
345 969 412 1007 siti
440 969 580 1018 magis
609 980 739 1017 quarn
768 968 852 1007 alia
880 979 923 1007 re
945 968 1204 1008 accenditur.
1238 968 1331 1008 eius
1354 979 1430 1017 po-
1457 975 1478 1004 6

22 1037 56 1064 15
75 1027 214 1066 tiundi
235 1027 418 1066 Marium
442 1039 646 1066 maxuma
668 1027 828 1077 cupido
851 1028 1079 1074 invaserat,
1101 1039 1236 1077 quom
1258 1032 1432 1076 propter

76 1098 201 1125 usum
236 1086 337 1126 belli
370 1091 460 1126 tum
495 1088 597 1136 quia
631 1098 697 1126 res
724 1098 879 1136 aspera
905 1086 1134 1126 videbatur
1162 1092 1201 1126 et
1230 1086 1431 1126 Metellus

74 1145 287 1195 oppidum
299 1146 481 1185 Thalam
498 1157 660 1196 magna
675 1146 813 1196 gloria
829 1151 1011 1195 ceperat,
1034 1146 1150 1185 haud
1167 1145 1433 1185 dissimiliter

73 1206 203 1244 situm
231 1207 547 1255 munitumque,
575 1207 657 1245 nisi
685 1205 803 1255 quod
832 1205 949 1254 apud
972 1205 1154 1245 Thalam
1182 1217 1270 1245 non
1299 1205 1432 1255 longe

74 1275 99 1302 a
125 1265 357 1304 moenibus
385 1265 551 1314 aliquot
578 1265 720 1304 fontes
748 1269 878 1311 erant,
907 1263 1153 1314 Capsenses
1181 1275 1268 1303 una
1294 1264 1429 1304 modo

21 1332 57 1359 20
77 1327 208 1372 atque
231 1335 283 1363 ea
303 1325 411 1362 intra
433 1325 644 1373 oppidum
668 1325 755 1374 iugi
778 1335 904 1374 aqua,
926 1329 1066 1364 cetera
1089 1324 1237 1373 pluvia
1251 1324 1431 1364 uteban-

72 1387 149 1422 tur.
183 1383 225 1421 id
254 1383 401 1432 ibique
429 1388 469 1422 et
497 1383 539 1422 in
568 1384 686 1423 omni
707 1383 861 1430 Africa,
889 1395 1003 1433 quae
1025 1383 1220 1433 procula
1241 1383 1347 1422 mari
1369 1384 1431 1422 in·
1459 1389 1477 1420 7

74 1442 229 1481 cultius
251 1442 421 1491 agebat,
443 1453 495 1482 eo
518 1443 685 1482 facilius
701 1442 974 1489 tolerabatur,
996 1444 1098 1492 quia
1113 1442 1331 1482 Numidae
1343 1442 1432 1492 ple-

76 1513 259 1550 rumque
280 1501 389 1541 lacte
412 1506 452 1540 et
472 1501 607 1541 ferina
629 1513 755 1541 carne
769 1502 1058 1542 vescebantur
1079 1507 1119 1542 et
1134 1513 1278 1551 neque
1293 1501 1431 1541 salem

71 1571 216 1609 neque
243 1560 328 1599 alia
350 1561 611 1600 irritamenta
644 1561 774 1611 gulae
796 1562 1079 1611 quaerebant:
1108 1562 1230 1601 cibus
1252 1560 1335 1600 illis
1357 1561 1430 1600 ad-
1457 1567 1477 1597 8

17 1628 54 1655 25
71 1630 249 1659 vorsum
271 1619 430 1659 famem
453 1625 583 1669 atque
605 1621 730 1666 sitim,
757 1632 845 1660 non
868 1620 1050 1660 lubidini
1072 1632 1215 1670 neque
1237 1620 1432 1659 luxuriae

75 1683 174 1719 erat.
208 1679 337 1729 igitur
363 1679 515 1719 consul
543 1680 746 1719 omnibus
775 1679 1020 1729 exploratis,
1048 1679 1176 1720 credo
1205 1680 1271 1719 dis
1298 1679 1497 1721 fretus90

74 1758 128 1762 —
144 1749 245 1777 nam
269 1743 417 1778 contra
431 1743 571 1778 tantas
588 1739 863 1778 difficultates
879 1740 1063 1779 consilio
1080 1740 1184 1778 satis
1199 1738 1430 1788 providere

73 1808 161 1836 non
189 1802 368 1846 poterat,
397 1799 560 1847 quippe
583 1799 711 1838 etiam
733 1799 934 1837 frumenti
956 1800 1106 1848 inopia
1126 1798 1431 1847 temptabatur,

73 1857 177 1905 quia
197 1856 415 1896 Numidae
436 1857 600 1906 pabulo
623 1859 791 1907 pecoris
813 1859 952 1907 magis
975 1869 1105 1908 quam
1128 1869 1232 1897 arvo
1254 1857 1430 1897 student

16 1923 52 1951 30
74 1919 125 1960 et,
160 1916 471 1966 quodcumque
499 1922 648 1955 natum
676 1917 823 1963 fuerat,
857 1918 978 1956 iussu
1005 1918 1118 1967 regis
1143 1918 1184 1955 in
1214 1917 1310 1956 loca
1337 1928 1429 1955 mu-

136 2055 179 2087 lo
211 2064 291 2095 qu.
314 2057 358 2096 cf.
378 2057 476 2088 Mela
501 2061 531 2095 3,
549 2060 608 2088 100
707 2057 749 2088 12
782 2054 914 2096 aquae]
952 2060 1062 2095 atque
1088 2052 1169 2089 P¹T
1195 2065 1315 2095 eaque
1341 2051 1432 2088 N¹1¹

131 2111 284 2142 quorum
313 2099 528 2135 A²CB¹Hn
601 2105 642 2135 14
669 2105 727 2135 siti
748 2128 756 2136 .
772 2128 779 2136 .
796 2128 804 2136 .
825 2104 1035 2135 accenditur
1054 2103 1153 2136 Sero.
1173 2113 1302 2144 geor-9.
1322 2107 1353 2142 3,
1368 2107 1431 2135 434

130 2151 231 2190 quod
251 2159 370 2190 genus
391 2152 448 2182 siti
469 2150 569 2183 Serv.
638 2151 678 2182 21
703 2152 828 2191 ibique
850 2150 913 2183 CB
931 2147 1063 2192 -Ι-ηι.2
1082 2151 1323 2183 ΑΚΗΜΒπι
1349 2151 1430 2182 ubi-

72 2205 143 2237 que
176 2198 254 2229 rell.
354 2198 397 2230 23
431 2207 552 2237 neque
585 2199 698 2230 salem
721 2222 729 2230 .
751 2223 758 2230 .
779 2223 787 2231 .
809 2198 918 2238 gulae
949 2198 1064 2231 Prisc.
1090 2208 1247 2239 gramm.
1272 2198 1304 2230 ΙΙ
1325 2202 1430 2237 147,5

131 2253 254 2284 neque
288 2246 401 2277 salem
429 2269 438 2277 .
460 2269 468 2278 .
491 2271 498 2278 .
526 2247 751 2285 quaerebant
783 2246 893 2278 Proh.
921 2255 1019 2278 nom.
1045 2256 1202 2285 yramm.
1228 2245 1276 2277 IV
1295 2248 1368 2283 209,
1391 2249 1431 2277 12

76 2290 187 2324 Char.
207 2301 365 2332 yramm.
386 2292 402 2323 I
422 2295 543 2330 106,12
562 2292 664 2333 Sery.
685 2303 842 2337 mamm.
863 2293 911 2325 IV
928 2297 1000 2332 542,
1016 2298 1054 2324 14
1146 2293 1190 2325 24
1217 2292 1327 2332 gulae
1355 2293 1430 2324 irri-

72 2342 233 2371 tamenta
271 2339 385 2371 Prisc.
461 2341 633 2372 adversus
670 2340 738 2372 PH
838 2340 882 2372 29
911 2341 996 2379 quia
1032 2340 1183 2372 PACls
1218 2340 1317 2379 quod
1350 2340 1429 2372 rell.
