1593 2496
72 290 98 320 9

126 62 207 101 154
551 53 591 90 C.
612 54 855 91 SALLUSTI
882 53 1040 91 CRISPI

123 168 368 206 communis
404 167 596 216 asperior
629 171 705 213 est,
737 177 870 216 quare
897 167 1077 217 indigna
1101 167 1229 207 vobis
1255 168 1472 218 nobisque

123 230 165 266 et
190 237 235 265 re
261 226 436 275 publica
462 226 677 275 incipitis?

183 285 328 335 Atque
350 296 446 335 ego,
467 286 625 335 quoius
646 285 776 324 aetati
797 296 912 325 mors
934 286 1109 335 propior
1124 290 1199 332 est,
1218 297 1308 326 non
1322 286 1472 336 depre-

123 355 206 390 cor,
232 346 268 384 si
301 345 406 394 quid
434 355 486 383 ea
511 345 639 384 vobis
670 344 936 384 incommodi
964 344 1166 391 demitur;
1199 356 1343 395 neque
1369 357 1470 385 mox

122 405 300 454 ingenio
322 404 513 453 corporis
534 404 760 443 honestius
781 414 912 453 quam
934 415 1011 453 pro
1025 408 1172 443 vostra
1185 404 1324 444 salute
1338 405 1471 445 finem
1502 416 1521 444 5

63 468 108 498 10
121 464 237 502 vitae
253 463 438 502 fecerim.
456 463 612 501 adsum
628 474 682 502 en
698 461 741 502 C.
757 461 881 502 Cotta
896 463 1061 509 consul,
1076 463 1187 503 facio
1204 464 1323 513 quod
1337 475 1472 513 saepe

122 523 309 561 maiores
330 523 494 571 asperis
517 521 641 561 bellis
662 521 818 561 fecere:
844 533 990 562 voveo
1012 522 1219 571 dedoque
1239 534 1309 562 me
1329 534 1406 572 pro
1427 534 1471 562 re

65 586 102 617 11
122 581 309 630 publica.
332 592 464 631 quam
481 581 641 621 deinde
656 581 761 630 quoi
776 581 1003 627 mandetis,
1024 583 1355 631 circumspicite3
1369 593 1470 621 nam

121 640 251 680 talem
285 640 497 680 honorem
534 641 677 680 bonus
713 651 843 679 nemo
876 640 1006 687 volet,
1039 652 1174 690 quom
1207 641 1404 681 fortunae
1430 646 1472 681 et

121 700 250 738 maris
284 704 325 739 et
358 699 459 739 belli
492 700 548 739 ab
576 699 671 738 aliis
698 700 779 738 acti
810 700 917 739 ratio
944 700 1171 739 reddunda
1197 705 1272 740 aut
1297 701 1472 750 turpiter
1493 712 1528 739 ιο

64 763 106 794 12
122 759 400 798 moriundum
423 760 487 799 sit.
514 759 817 798 tantummodo
840 759 882 797 in
903 760 1060 798 animis
1075 759 1282 799 habetote
1295 771 1384 799 non
1402 771 1472 799 me

122 818 178 857 ob
215 818 358 857 scelus
395 823 469 857 aut
503 819 727 857 avaritiam
762 829 951 864 caesum,
986 819 1064 858 sed
1090 815 1368 869 volente<m>
1393 830 1471 868 pro

64 882 107 914 13
122 879 338 916 maxumis
360 878 584 917 beneficiis
605 878 795 916 animam
818 877 936 917 dono
953 878 1139 918 dedisse.
1166 889 1242 927 per
1260 889 1354 925 vos,
1369 877 1472 922 Qui-

121 937 232 983 rites,
260 941 301 976 et
327 937 509 986 gloriam
537 938 763 982 maiorum,
789 936 969 977 tolerate
989 937 1177 977 advorsa
1198 942 1239 977 et
1260 937 1472 977 consulite

65 1001 106 1032 14
122 997 179 1035 rei
202 996 416 1045 publicae.
444 996 579 1035 multa
600 1007 700 1035 cura
721 1007 892 1036 summo
916 997 1097 1046 imperio
1119 998 1242 1043 inest,
1268 996 1390 1036 multi
1411 997 1472 1036 in·
1493 1008 1525 1033 25

73 1759 92 1788 (Q

120 1060 273 1105 gentes
300 1055 485 1101 labores,
512 1067 624 1105 quos
651 1056 918 1105 nequiquam
946 1056 1135 1095 abnuitis
1162 1061 1204 1096 et
1224 1057 1344 1105 pacis
1365 1067 1472 1105 opu-

120 1114 297 1154 lentiam
319 1116 537 1164 quaeritis,
564 1126 698 1164 quom
720 1126 874 1154 omnes
895 1116 1146 1164 provinciae
1166 1126 1311 1165 regna,
1338 1116 1470 1154 maria

120 1179 344 1223 terraeque
371 1185 526 1223 aspera
552 1179 626 1213 aut
652 1174 767 1213 fessa
788 1173 913 1213 bellis
933 1169 1045 1214 sint.’

322 1268 570 1305 EPISTULA
598 1268 678 1306 CN.
704 1269 897 1305 POMPEI
924 1269 996 1305 AD
1024 1269 1270 1306 SENATUM

180 1335 240 1378 ‘Si
274 1339 488 1379 advorsus
515 1351 595 1379 vos
623 1341 894 1390 patriamque
921 1345 962 1379 et
994 1340 1103 1380 deos
1130 1341 1299 1389 penatis
1326 1344 1388 1380 tot
1413 1340 1471 1379 la-
1492 1350 1527 1377 20

120 1399 247 1437 bores
276 1404 316 1438 et
343 1399 535 1448 pericula
561 1400 865 1448 suscepissem,
893 1400 1095 1449 quotiens
1115 1410 1141 1438 a
1162 1400 1301 1449 prima
1324 1399 1470 1439 adule-

119 1458 284 1497 scentia
305 1458 436 1497 ductu
453 1469 552 1497 meo
568 1459 878 1498 scelestissumi
893 1459 1043 1498 hostes
1058 1459 1140 1498 fusi
1157 1463 1198 1498 et
1210 1459 1339 1498 vobis
1353 1457 1470 1498 salus

119 1518 319 1566 quaesita
347 1522 422 1562 est,
449 1517 555 1556 nihil
583 1517 770 1566 amplius
798 1519 840 1556 in
863 1518 1090 1557 absentem
1112 1529 1183 1558 me
1202 1518 1470 1561 statuissetis,

120 1587 251 1625 quam
273 1576 417 1615 adhuc
438 1577 577 1626 agitis,
605 1582 746 1625 patres
768 1578 1010 1626 conscripti,
1037 1588 1167 1626 quem
1189 1581 1338 1617 contra
1357 1581 1470 1616 aeta-

119 1640 204 1674 tem
242 1637 481 1684 proiectum
517 1636 572 1674 ad
609 1636 771 1676 bellum
808 1637 1129 1675 saevissumum
1157 1647 1255 1676 cum
1284 1637 1469 1676 exercitu
1490 1645 1525 1672 25

119 1699 299 1744 optume
326 1696 491 1741 merito,
519 1700 729 1744 quantum
753 1701 817 1735 est
837 1696 880 1734 in
900 1696 1040 1742 vobis,
1066 1695 1192 1742 fame,
1218 1696 1471 1735 miserruma

120 1755 316 1792 omnium
333 1759 481 1800 morte,
503 1754 759 1794 confecistis.
780 1755 935 1794 hacine
950 1766 1029 1803 spe
1044 1754 1233 1804 populus
1248 1753 1469 1794 Romanus

120 1813 278 1852 liberos
313 1825 417 1852 suos
451 1814 505 1852 ad
539 1813 701 1853 bellurn
736 1815 881 1854 misit?
913 1814 1022 1853 haec
1048 1818 1146 1853 sunt
1173 1814 1365 1862 praemia
1391 1825 1468 1862 pro

119 1872 371 1911 volneribus
400 1877 440 1911 et
467 1874 625 1912 totiens
656 1873 712 1912 ob
740 1884 829 1912 rem
857 1872 1075 1922 publicam
1103 1873 1198 1912 fuso
1227 1873 1471 1922 sanguine?

120 1931 259 1970 tessus
275 1931 508 1971 scribundo
525 1932 831 1981 mittundoque
845 1932 1014 1981 legatos
1030 1932 1172 1971 omnis
1188 1942 1296 1980 opes
1313 1936 1354 1971 et
1367 1942 1469 1981 spes
1488 1940 1524 1967 3ο

120 1991 308 2038 privatas
324 2002 444 2030 meas
461 1993 726 2040 consumpsi,
742 2003 875 2040 quom
892 1992 1059 2030 interim
1074 2002 1100 2029 a
1114 1991 1241 2030 vobis
1256 2002 1331 2040 per
1345 1991 1469 2030 trien-

120 2050 239 2087 nium
255 2050 328 2088 vix
348 2061 519 2089 annuos
541 2055 740 2099 sumptus
762 2050 888 2089 datus
904 2055 978 2090 est.
1000 2061 1074 2099 per
1095 2050 1204 2089 deos
1219 2049 1468 2094 inmortalis,

120 2112 259 2146 utrum
289 2110 473 2148 censetis
501 2121 571 2148 me
591 2111 732 2149 vicem
760 2110 893 2148 aerari
916 2113 1133 2158 praestare
1160 2120 1215 2147 an
1237 2109 1467 2148 exercitum

119 2167 213 2206 sine
242 2167 455 2207 frumento
484 2173 524 2207 et
552 2168 770 2218 stipendio
798 2169 958 2208 habere
984 2169 1145 2217 posse?

180 2259 221 2290 12
250 2259 396 2291 volente
417 2260 448 2291 V
505 2261 548 2293 33
569 2264 684 2292 utrum
707 2285 715 2293 .
729 2285 738 2292 .
753 2284 761 2293 .
785 2263 967 2299 praestare
987 2260 1109 2293 Diom.
1128 2269 1286 2301 yramm.
1307 2255 1326 2289 I
1341 2263 1414 2298 366,
1430 2263 1469 2291 12

178 2308 337 2338 censetis
364 2317 433 2339 om.
455 2307 575 2339 Diem.
646 2311 828 2347 praestare
854 2309 998 2340 creditis
1024 2308 1145 2340 Diom.
1209 2308 1404 2340 exercitum
1433 2311 1469 2338 et
