1593 2496
127 66 182 105 22
561 60 599 97 C.
621 61 865 98 SALLUSTI
892 62 1048 99 CRISPI

79 175 100 206 2
128 171 226 217 alio,
261 183 388 221 quern
419 174 583 223 ubique
610 179 903 222 opportunum
932 175 1013 214 sibi
1041 175 1130 215 iore
1159 176 1372 216 credebat.
1415 178 1475 215 in-

126 236 243 270 terea
276 230 441 272 Romae
477 232 611 272 multa
644 233 770 272 simul
804 233 960 273 moliri:
1007 234 1260 274 consulibus
1293 235 1475 275 insidias

127 290 316 336 tendere,
352 302 502 340 parare
537 292 750 338 incendia,
785 297 1031 341 opportuna
1063 292 1158 333 loca
1191 295 1365 333 armatis
1399 295 1474 334 ho-

127 349 318 388 minibus
340 350 559 396 obsidere;
587 352 680 400 ipse
701 363 799 390 curn
820 351 906 391 telo
929 363 1038 398 esse,
1060 353 1161 392 item
1182 353 1292 393 alios
1313 354 1473 400 iubere,

127 408 283 448 hortari
318 410 377 448 uti
412 421 584 459 semper
617 411 767 450 intenti
803 412 1026 460 paratique
1054 417 1216 458 essent;
1250 413 1343 452 dies
1372 424 1471 453 noc·
1507 424 1528 452 5

125 468 269 516 tisque
308 468 526 515 festinare,
565 469 762 519 vigilare,
802 481 945 519 neque
978 471 1208 510 insomniis
1239 483 1384 521 neque
1417 472 1474 511 la-

81 529 99 560 3
129 526 233 566 bore
248 527 427 577 fatigari.
462 533 693 576 postremo,
714 529 788 567 ubi
804 529 939 568 multa
953 530 1133 579 agitanti
1148 530 1252 569 nihil
1269 531 1476 579 procedit,

128 597 272 625 rursus
301 587 561 636 intempesta
588 593 715 627 nocte
743 589 1054 628 coniurationis
1075 590 1291 638 principes
1313 601 1474 630 convo-

79 648 100 678 4
128 650 195 684 cat
229 656 303 694 per
330 645 385 685 M.
406 646 604 686 Porcium
632 646 829 693 Laecam,
863 647 1010 696 ibique
1043 648 1178 687 multa
1211 648 1265 688 de
1298 649 1473 698 ignavia

126 715 275 743 eorum
310 710 491 754 questus
519 706 646 745 docet
673 717 720 746 se
748 706 958 745 Manlium
987 708 1265 756 praemisisse
1291 708 1346 747 ad
1375 719 1471 748 earn
1493 717 1530 747 ιο

126 763 459 809 multitudinem,
487 776 618 814 quarn
647 765 701 804 ad
731 766 949 814 capiunda
969 777 1089 805 arma
1109 772 1344 815 paraverat,
1372 768 1472 807 item

126 821 235 862 alios
264 823 304 861 in
334 824 419 862 alia
446 824 541 863 loca
569 829 827 873 opportuna,
855 826 928 874 qui
956 826 1123 864 initium
1152 825 1253 865 belli
1274 826 1474 873 facerent,

132 892 267 931 seque
301 883 354 921 ad
390 884 621 922 exercitum
657 883 869 933 proficisci
898 896 1067 934 cupere,
1101 885 1134 923 si
1163 886 1279 934 prius
1307 884 1473 926 Cicero-

127 952 226 980 nem
261 943 568 990 oppressisset:
604 954 702 982 eum
737 944 827 982 suis
855 943 1047 983 consiliis
1075 944 1257 983 multum
1286 945 1471 985 officere.

61 998 254 1049 28igitur
294 1002 522 1049 perterritis
560 1013 611 1041 ac
650 1002 947 1042 dubitantibus
987 1004 1137 1042 ceteris
1175 1003 1217 1043 C.
1247 1003 1472 1044 Cornelius
1493 1016 1528 1044 15

127 1070 262 1108 eques
302 1059 525 1100 Romanus
565 1072 743 1110 operam
784 1073 907 1101 suam
947 1062 1166 1111 pollicitus
1207 1067 1247 1102 et
1286 1075 1382 1102 cum
1419 1075 1471 1103 eo

126 1118 167 1157 L.
189 1118 480 1168 Vargunteius
509 1126 682 1160 senator
709 1122 970 1161 constituere
998 1132 1050 1161 ea
1070 1128 1197 1161 nocte
1219 1122 1350 1170 paulo
1374 1128 1471 1171 post

125 1189 222 1216 cum
262 1181 437 1218 armatis
477 1179 727 1220 hominibus
768 1181 891 1220 sicuti
932 1180 1163 1220 salutatum
1204 1182 1377 1221 introire
1415 1182 1469 1220 ad

126 1236 377 1277 Ciceronem
410 1249 459 1277 ac
487 1239 541 1278 de
569 1240 792 1288 inproviso
820 1239 938 1279 domi
967 1250 1072 1279 suae
1100 1241 1342 1289 inparatum
1370 1252 1470 1281 con-

125 1296 284 1336 fodere.
319 1296 470 1337 Curius
486 1299 559 1337 ubi
577 1298 797 1348 intellegit,
818 1303 1029 1348 quantum
1046 1299 1284 1348 periculum
1301 1299 1468 1339 consuli
1489 1309 1526 1339 20

123 1355 376 1404 inpendeat‚
418 1368 600 1406 propere
639 1369 714 1407 per
747 1358 942 1397 Fulviam
978 1356 1173 1397 Ciceroni
1211 1358 1361 1398 dolum
1396 1360 1469 1408 qui

76 1421 96 1452 3
125 1415 355 1462 parabatur
382 1418 587 1456 enuntiat.
624 1418 681 1456 ita
708 1417 766 1456 illi
796 1419 927 1456 ianua
954 1417 1154 1466 prohibiti
1184 1422 1349 1457 tantum
1372 1418 1470 1457 iaci-

123 1485 205 1512 nus
232 1473 384 1513 frustra
411 1482 702 1525 susceperant.

75 1529 95 1558 4
182 1532 346 1572 Interea
361 1534 549 1574 Manlius
571 1536 613 1574 in
635 1535 797 1574 Etruria
819 1535 991 1584 plebem
1014 1535 1255 1582 sollicitare,
1277 1543 1469 1586 egestate

123 1592 251 1631 simul
273 1604 323 1632 ac
344 1593 494 1633 dolore
516 1595 695 1634 iniuriae
716 1605 928 1634 novarum
950 1606 1090 1634 rerum
1112 1595 1327 1644 cupidam,
1347 1596 1466 1645 quod
1487 1606 1523 1634 25

124 1650 271 1691 Sullae
313 1652 615 1693 dominatione
654 1664 783 1703 agros
823 1654 1029 1703 bonaque
1069 1655 1215 1693 omnia
1253 1655 1469 1701 amiserat,

122 1716 343 1758 praeterea
372 1711 560 1752 latrones
583 1714 831 1762 quoiusque
852 1714 1035 1762 generis,
1063 1724 1248 1763 quorum
1270 1714 1313 1752 in
1335 1725 1387 1753 ea
1408 1725 1468 1754 re-

121 1770 253 1818 gione
274 1781 436 1820 magna
457 1773 584 1821 copia
605 1777 704 1817 erat,
731 1772 967 1812 nonnullos
989 1783 1042 1812 ex
1062 1771 1251 1812 Sullanis
1273 1772 1468 1819 coloniis,

121 1829 280 1876 quibus
321 1829 471 1871 lubido
508 1836 639 1880 atque
678 1831 845 1870 luxuria
878 1842 930 1871 ex
963 1832 1133 1881 magnis
1167 1832 1328 1880 rapinis
1363 1832 1466 1871 nihil

120 1887 271 1937 reliqui
299 1888 498 1929 fecerant.
1485 1899 1523 1928 30

53 1943 110 1982 29
180 1946 239 1985 Ea
267 1959 364 1986 curn
395 1948 590 1989 Ciceroni
618 1950 926 1995 nuntiarentur,
953 1950 1127 1999 ancipiti
1156 1949 1272 1989 malo
1300 1961 1468 1999 permo-

119 2010 199 2051 tus,
227 2007 346 2055 quod
374 2019 518 2057 neque
540 2008 690 2048 urbem
712 2009 767 2048 ab
790 2009 959 2048 insidiis
980 2009 1148 2058 privato
1171 2008 1354 2049 consilio
1377 2009 1468 2049 lon-

117 2065 215 2114 gius
248 2067 354 2104 tueri
389 2073 555 2115 poterat
588 2079 743 2117 neque,
778 2069 988 2107 exercitus
1017 2067 1150 2107 Manli
1178 2073 1366 2117 quantus
1394 2074 1468 2108 aut

118 2135 206 2172 quo
241 2125 424 2165 consilio
459 2126 582 2173 foret,
617 2127 720 2166 satis
754 2131 1023 2176 compertum
1051 2126 1261 2173 habebat,
1294 2138 1382 2166 rem
1410 2127 1465 2167 ad

191 2207 233 2238 19
259 2207 370 2239 domu
397 2207 424 2238 P
450 2209 574 2240 domui
601 2208 633 2240 Α
661 2206 699 2247 (ιι
719 2207 815 2248 exp.)
841 2209 851 2240 l
926 2208 971 2240 20
998 2208 1147 2248 periculi
1167 2206 1263 2240 ACs
1338 2208 1383 2240 28
1404 2217 1465 2241 co-

118 2255 226 2286 loniis
264 2254 419 2286 XMlsn
506 2256 647 2288 colonis
685 2251 816 2287 A²Ym
926 2256 972 2289 30
1003 2256 1136 2288 fecerat
1162 2254 1269 2286 ΡΑΒ
1297 2253 1336 2295 (n
1363 2266 1392 2288 s„
1419 2255 1466 2295 S.)

190 2302 234 2334 33
263 2299 383 2333 man'li
412 2301 437 2333 P
467 2303 587 2352 manili
616 2303 659 2339 A,
687 2305 844 2343 itemque
871 2314 898 2335 e.
918 2306 969 2342 30,
986 2308 1000 2335 1

77 1303 97 1333 to
