1593 2496
387 58 590 95 BELLUM
619 57 982 94 IUGURTHINUM
1011 61 1150 92 57—60
1355 63 1429 102 101

86 174 211 222 cepit,
246 171 345 211 dein
380 182 594 210 convorso
630 181 744 220 equo
778 170 1086 209 animadvortit
1118 169 1265 219 fugam
1299 170 1354 208 ad
1387 181 1435 209 se

86 243 262 272 vorsum
290 231 392 275 fieri,
426 241 538 280 quae
565 241 632 269 res
659 229 879 269 indicabat
906 228 1127 278 popularis
1155 240 1264 268 esse.
1310 230 1435 277 igitur
1461 233 1484 264 5

86 292 326 341 equitatum
365 300 541 329 omnem
580 289 635 328 ad
676 292 812 327 castra
846 299 1027 337 propere
1060 288 1176 327 misit
1208 299 1258 326 ac
1291 289 1433 327 statim

87 349 129 390 C.
143 350 324 389 Marium
346 360 443 388 cum
466 347 716 388 cohortibus
733 348 962 393 sociorum,
985 358 1174 396 eumque
1191 347 1434 386 lacrumans

40 418 60 445 5
86 420 161 459 per
187 409 419 448 amicitiam
448 419 611 457 perque
638 418 728 446 rem
750 406 968 456 publicam
991 407 1200 452 obsecrat,
1226 417 1282 446 ne
1303 417 1434 456 quam

84 467 393 508 contumeliam
427 478 649 507 remanere
682 467 724 505 in
756 467 943 506 exercitu
970 466 1132 505 victore
1159 477 1271 505 neve
1299 466 1435 506 hostis

85 527 244 567 inultos
266 527 384 567 abire
404 528 527 566 sinat.
561 526 631 565 ille
647 526 766 565 brevi
781 526 988 564 mandata
1003 525 1142 565 efficit.
1175 530 1218 564 at
1232 525 1436 574 Iugurtha
1461 529 1483 560 6

85 587 355 626 munimento
372 590 606 626 castrorum
623 585 869 634 impeditus,
890 596 1024 634 quom
1042 584 1114 624 alii
1128 596 1259 634 super
1272 584 1436 623 vallum

87 647 477 695 praecipitarentur,
508 645 579 684 alii
613 645 655 684 in
689 645 901 694 angustiis
936 645 1018 693 ipsi
1045 644 1126 683 sibi
1155 648 1436 693 properantes

31 714 67 741 ιο
87 705 320 751 officerent,
352 704 497 744 multis
531 705 702 743 amissis
736 705 778 743 in
813 704 908 744 loca
941 704 1106 743 munita
1140 714 1237 743 sese
1264 704 1436 752 recepit.

86 764 285 804 Metellus
308 764 464 804 iniecto
487 764 677 813 negotio,
701 768 932 812 postquam
955 774 1041 803 nox
1057 763 1216 808 aderat,
1240 764 1282 801 in
1298 767 1436 802 castra
1463 766 1483 797 7

85 835 184 863 cum
214 824 400 864 exercitu
427 824 664 863 revortitur.

144 883 274 933 Igitur
295 887 468 933 postero
491 883 572 929 die,
594 883 711 932 prius
733 893 864 934 quam
880 882 935 921 ad
953 882 1301 931 oppugnandum
1319 893 1437 931 egre-
1447 882 1502 920 59

86 942 268 988 deretur,
301 942 540 992 equitatum
581 953 757 982 omnem
789 943 830 981 in
865 952 917 981 ea
944 946 1076 990 parte,
1110 952 1197 991 qua
1223 942 1336 991 regis
1364 941 1437 980 ad-

32 1010 67 1037 15
86 1007 241 1041 ventus
264 1006 363 1047 erat,
390 1013 467 1051 pro
490 1002 636 1041 castris
659 1002 822 1051 agitare
844 1001 973 1046 iubet,
995 1004 1141 1050 portas
1163 1005 1204 1040 et
1224 1012 1437 1049 proxuma

86 1061 183 1100 loca
216 1061 396 1100 tribunis
427 1061 633 1110 dispertit,
667 1061 826 1100 deinde
854 1061 947 1110 ipse
975 1061 1114 1110 pergit
1140 1060 1195 1099 ad
1224 1060 1437 1109 oppidum

85 1124 216 1170 atque
244 1121 303 1159 uti
331 1121 554 1169 superiore
582 1120 653 1159 die
680 1131 850 1159 murum
878 1119 1137 1169 aggreditur.
1177 1120 1346 1159 interim
1374 1118 1438 1158 lu-

85 1179 241 1229 gurtha
269 1191 320 1219 ex
348 1179 518 1220 occulto
546 1184 724 1229 repente
751 1183 923 1219 nostros
951 1179 1136 1218 invadit:
1170 1179 1244 1228 qui
1272 1179 1314 1218 in
1343 1189 1437 1227 pro·
1465 1189 1484 1219 2

85 1250 218 1278 xumo
254 1239 381 1279 locati
414 1238 594 1284 fuerant,
629 1239 848 1287 paulisper
874 1239 1001 1278 territi
1032 1238 1343 1287 perturbantur,
1377 1249 1438 1277 re-

30 1306 68 1334 20
87 1297 192 1347 liqui
221 1299 303 1338 cito
331 1298 607 1338 subveniunt.
647 1309 791 1347 neque
818 1298 979 1337 diutius
1000 1297 1216 1337 Numidae
1241 1298 1438 1337 resistere
1465 1307 1485 1338 3

86 1357 340 1407 quivissent,
366 1358 410 1396 ni
438 1357 606 1406 pedites
634 1368 732 1396 cum
760 1357 978 1407 equitibus
1007 1357 1201 1406 permixti
1230 1367 1437 1406 magnam

87 1415 255 1455 cladem
284 1417 326 1455 in
354 1427 590 1466 congressu
618 1417 816 1457 facerent.
857 1416 1015 1465 quibus
1043 1416 1101 1455 illi
1130 1416 1220 1455 freti
1249 1427 1350 1461 non,
1378 1417 1438 1454 uti

88 1476 276 1524 equestri
303 1475 468 1524 proelio
497 1476 618 1522 solet,
649 1476 785 1525 sequi,
813 1476 914 1515 dein
943 1476 1107 1521 cedere,
1135 1475 1212 1515 sed
1240 1475 1438 1515 advorsis

89 1536 212 1584 equis
235 1546 497 1580 concurrere,
525 1535 745 1584 implicare
766 1546 816 1574 ac
838 1535 1085 1584 perturbare
1107 1536 1262 1574 aciem:
1290 1535 1347 1573 ita
1369 1545 1439 1573 ex-

34 1602 70 1630 25
90 1593 245 1642 peditis
274 1594 492 1643 peditibus
520 1595 608 1633 suis
637 1594 772 1634 hostis
802 1605 942 1643 paene
968 1595 1106 1634 victos
1135 1595 1248 1634 dare.

148 1652 312 1693 Eodem
346 1658 541 1702 tempore
574 1654 691 1702 apud
717 1653 897 1693 Zamam
928 1665 1088 1703 magna
1114 1654 1156 1692 vi
1185 1653 1502 1693 certabatur.60

90 1712 162 1751 ubi
191 1714 376 1762 quisque
407 1712 575 1762 legatus
604 1718 677 1752 aut
703 1713 898 1752 tribunus
920 1713 1107 1758 curabat,
1137 1724 1189 1752 eo
1214 1723 1435 1751 acerrume

89 1771 177 1816 niti,
205 1783 348 1821 neque
375 1772 484 1811 alius
518 1773 561 1810 in
588 1771 673 1811 alio
701 1773 840 1821 magis
868 1783 1000 1821 quam
1029 1773 1070 1810 in
1098 1783 1196 1811 sese
1216 1783 1339 1820 spem
1362 1771 1436 1810 ha-

90 1830 209 1875 bere;
236 1831 477 1880 pariterque
506 1831 715 1880 oppidani
742 1842 887 1881 agere:
915 1842 1171 1880 oppugnare
1192 1836 1267 1870 aut
1287 1841 1437 1880 parare

35 1898 72 1926 30
92 1890 294 1929 omnibus
321 1890 439 1936 locis,
466 1890 637 1929 avidius
664 1890 783 1930 alteri
811 1891 967 1930 alteros
995 1891 1188 1929 sauciare
1217 1901 1348 1939 quam
1373 1901 1438 1929 se-

90 1953 179 1988 met
200 1953 355 1998 tegere,
377 1949 539 1989 clamor
562 1951 798 1998 permixtus
820 1950 1064 1989 hortatione
1086 1949 1247 1989 laetitia
1261 1950 1438 1999 gemitu,
1466 1953 1485 1984 2

91 2008 193 2047 item
221 2009 422 2057 strepitus
449 2020 665 2048 armorum
693 2009 747 2048 ad
776 2009 943 2048 caelum
973 2009 1078 2054 ferri,
1112 2008 1197 2048 tela
1225 2009 1440 2058 utrimque

90 2067 251 2106 volare.
284 2067 361 2107 sed
383 2067 453 2113 illi,
475 2069 548 2118 qui
570 2069 746 2108 moenia
766 2068 1064 2113 defensabant,
1083 2068 1157 2107 ubi
1172 2068 1321 2107 hostes
1338 2079 1442 2116 pau·
1469 2071 1489 2103 3

152 2172 172 2203 5
205 2180 252 2204 ne
286 2181 394 2211 quam
428 2173 686 2205 contumeliam
717 2173 812 2205 Don.
838 2173 914 2205 Ter.
935 2173 1026 2205 Ειιη.
1050 2177 1104 2205 771
1205 2173 1249 2205 23
1280 2173 1442 2204 adversis

92 2215 230 2258 equi(s)
265 2229 310 2251 m.
330 2223 350 2251 2
369 2219 489 2252 PKTl
524 2221 665 2253 adversi
698 2222 803 2259 sequi
836 2221 943 2253 codd.
1041 2220 1086 2252 26
1118 2221 1250 2252 eodem
1279 2223 1443 2259 tempore

93 2266 192 2299 Serv.
213 2268 299 2298 Aen.
321 2270 370 2305 10,
384 2270 446 2298 833
530 2267 575 2299 28
601 2276 685 2300 sese
710 2263 892 2299 XK²Tsn
919 2277 959 2299 se
987 2269 1064 2299 rell.
1151 2267 1195 2299 30
1223 2267 1364 2298 avidius
1386 2292 1393 2298 .
1411 2292 1417 2297 .
1435 2291 1442 2298 .

93 2316 217 2352 tegere
244 2314 338 2346 Don.
364 2314 441 2346 Ter.
462 2315 609 2347 ΡΙιοι-ηι.
635 2319 696 2347 964
