1593 2496
393 56 597 92 BELLUM
626 55 989 92 IUGURTHINUM
1017 60 1156 92 41—44
1372 62 1428 102 89

92 174 147 216 et,
174 179 439 220 quamquam
462 168 651 208 advorso
673 168 824 217 populi
846 169 1043 217 partium,
1068 168 1183 208 fama
1203 172 1348 208 tamen
1371 179 1440 209 ae-

93 227 256 279 quabili
279 232 320 268 et
341 227 560 267 inviolata.
597 229 632 267 is
654 228 728 267 ubi
750 228 936 276 primum
957 228 1257 277 magistratum
1280 229 1441 278 ingres·
1467 232 1490 263 2

93 299 168 328 sus
195 292 271 334 est,
304 286 389 326 alia
415 288 563 326 omnia
590 288 671 327 sibi
700 298 797 326 cum
826 286 996 336 collega
1023 291 1150 333 ratus,
1182 287 1239 326 ad
1266 287 1441 333 bellum,

93 348 212 398 quod
233 351 432 397 gesturus
454 350 552 392 erat,
574 347 768 385 animum
790 346 983 386 intendit.
1011 347 1139 396 igitur
1153 346 1355 386 diffidens
1369 358 1442 385 ve·
1469 351 1488 382 3

42 421 62 448 5
93 408 168 448 teri
197 407 399 446 exercitui
427 405 584 445 milites
611 406 809 452 scribere,
839 406 1056 455 praesidia
1083 406 1277 455 undique
1304 417 1442 445 arces-

89 478 197 513 sere,
224 476 343 505 arma
369 465 455 505 tela
481 467 618 514 equos
641 470 682 505 et
703 469 844 504 cetera
865 466 1148 505 instrumenta
1169 465 1347 505 militiae
1368 476 1442 515 pa-

91 537 195 572 rare,
223 525 277 564 ad
306 525 390 565 hoc
411 529 703 564 commeatum
725 524 901 571 affatim,
928 525 1119 574 denique
1140 525 1300 571 omnia,
1328 536 1441 574 quae

92 587 134 626 in
156 584 272 625 bello
287 585 408 624 vario
431 588 471 623 et
491 584 721 623 multarum
743 595 882 623 rerum
900 585 1044 634 egenti
1060 585 1156 624 usui
1174 595 1272 624 esse
1287 584 1440 624 solent.

91 650 279 686 ceterum
314 644 368 683 ad
403 654 455 683 ea
488 643 698 692 patranda
725 648 901 684 senatus
935 644 1200 690 auctoritate,
1233 644 1340 684 socii
1364 655 1441 684 no·
1467 648 1488 679 4

39 717 72 744 ιο
93 714 281 754 menque
303 703 501 742 Latinum
531 707 570 742 et
598 714 721 752 reges
750 703 859 743 ultro
887 703 1048 742 auxilia
1069 703 1297 749 mittundo,
1325 709 1442 753 post-

91 775 210 803 remo
244 763 386 803 omnis
418 763 568 801 civitas
595 774 768 802 summo
797 763 940 802 studio
969 763 1255 802 adnitebatur.
1294 763 1439 812 itaque
1467 767 1488 798 5

91 835 143 864 ex
165 823 380 862 sententia
402 821 604 861 omnibus
626 822 753 861 rebus
776 823 935 871 paratis
950 823 1281 872 conpositisque
1297 823 1338 860 in
1355 822 1441 861 Nu-

93 883 269 922 midiam
299 881 590 931 proficiscitur,
624 892 785 931 magna
812 893 890 930 spe
918 883 1077 921 civium
1106 893 1239 931 quom
1268 885 1441 931 propter

92 943 191 982 artis
219 942 357 981 bonas
379 946 469 980 tum
491 951 694 980 maxume
716 941 835 990 quod
856 941 1091 981 advorsum
1114 941 1288 980 divitias
1309 941 1441 980 invic-

35 1014 73 1041 25
93 1007 182 1041 tum
212 1002 405 1040 animum
432 999 609 1049 gerebat
637 1004 677 1038 et
705 1000 884 1039 avaritia
912 1002 1241 1050 magistratuum
1270 1004 1370 1040 ante
1398 1000 1439 1039 id

93 1067 262 1110 tempus
290 1061 333 1098 in
353 1058 559 1098 Numidia
586 1064 759 1098 nostrae
787 1071 894 1108 opes
922 1064 1132 1100 contusae
1160 1060 1440 1109 hostiumque

91 1124 244 1159 auctae
272 1123 401 1159 erant.

151 1177 237 1218 Sed
265 1179 338 1218 ubi
366 1179 408 1217 in
432 1176 619 1216 Africam
647 1179 776 1223 venit,
805 1180 1015 1218 exercitus
1044 1179 1082 1218 ei
1110 1179 1287 1218 traditur
1315 1190 1340 1217 a
1368 1177 1506 1227 Sp.44

91 1238 250 1278 Albino
279 1236 539 1287 proconsule
567 1237 678 1276 iners
707 1238 890 1283 inbellis,
920 1249 1063 1287 neque
1091 1237 1268 1287 periculi
1296 1249 1440 1288 neque

35 1310 72 1339 ευ
90 1296 250 1337 laboris
271 1298 453 1346 patiens,
474 1295 623 1345 lingua
643 1308 774 1345 quam
791 1308 923 1336 manu
938 1299 1188 1347 promptior,
1210 1297 1440 1346 praedator

92 1368 144 1396 ex
177 1357 306 1396 sociis
337 1361 378 1395 et
404 1357 498 1405 ipse
526 1356 686 1403 praeda
713 1356 916 1403 hostium,
949 1357 1043 1396 sine
1070 1357 1252 1406 imperio
1281 1361 1321 1396 et
1348 1368 1439 1396 mo-

91 1416 232 1455 destia
258 1415 444 1454 habitus.
478 1416 535 1453 ita
561 1415 807 1463 imperatori
835 1428 952 1456 novo
976 1416 1072 1465 plus
1094 1428 1146 1456 ex
1168 1416 1292 1455 malis
1314 1417 1440 1455 mori·
1468 1421 1488 1452 2

92 1475 173 1514 bus
195 1474 496 1515 sollicitudinis
518 1485 649 1522 quam
671 1486 723 1514 ex
745 1476 872 1524 copia
893 1475 1075 1515 militum
1099 1475 1229 1514 auxili
1251 1480 1325 1514 aut
1346 1476 1440 1524 spei

92 1535 236 1574 bonae
257 1534 510 1573 adcedebat.
542 1535 687 1573 statuit
708 1539 853 1574 tamen
875 1535 1086 1581 Metellus,
1109 1546 1377 1584 quamquam
1400 1539 1441 1574 et
1468 1539 1487 1571 3

36 1606 72 1635 z
93 1594 356 1633 aestivorum
385 1598 556 1642 tempus
584 1595 857 1634 comitiorum
885 1605 1007 1634 mora
1028 1595 1287 1634 inminuerat
1309 1598 1350 1633 et
1371 1606 1441 1633 ex-

95 1653 339 1702 pectatione
362 1657 543 1692 eventus
565 1653 722 1692 civium
746 1655 916 1693 animos
934 1655 1122 1693 intentos
1138 1653 1329 1702 putabat,
1352 1665 1440 1693 non

93 1713 210 1761 prius
232 1711 393 1751 bellum
415 1712 635 1759 attingere,
657 1724 787 1761 quam
810 1714 1022 1753 maiorum
1039 1713 1269 1762 disciplina
1283 1712 1440 1752 milites

95 1771 289 1810 laborare
317 1773 543 1821 coegisset.
577 1783 676 1810 nam
698 1772 895 1818 Albinus,
922 1772 1021 1811 Auli
1049 1772 1183 1811 fratris
1213 1773 1441 1812 exercitus·
1467 1777 1489 1808 4

94 1841 179 1880 que
212 1830 335 1869 clade
369 1831 602 1880 perculsus
637 1836 870 1880 postquam
901 1832 1150 1871 decreverat
1176 1842 1264 1871 non
1293 1832 1440 1881 egredi

39 1902 76 1931 30
96 1890 328 1938 provincia,
350 1895 559 1939 quantum
581 1892 788 1939 temporis
811 1892 1073 1930 aestivorum
1097 1891 1139 1929 in
1155 1891 1336 1940 imperio
1352 1891 1440 1937 fuit,

155 2029 176 2060 5
196 2030 352 2062 scribere
383 2031 500 2062 NMm
533 2031 668 2070 eligere
700 2031 731 2062 D
764 2031 899 2070 eligere
931 2032 1088 2063 scribere
1118 2030 1308 2064 XKHlsn
1335 2033 1440 2064 scrib.

95 2076 180 2116 elig.
200 2076 226 2107 F
252 2077 336 2116 elig.
357 2078 539 2116 praesidia
564 2079 669 2110 scrib.
690 2079 718 2110 T
794 2078 836 2109 18
862 2079 1041 2110 exercitus
1062 2103 1070 2110 .
1086 2103 1093 2110 .
1109 2102 1118 2111 .
1139 2076 1216 2118 (24)
1237 2080 1441 2112 adcedebat

96 2123 257 2155 ‘Fronto
281 2134 317 2164 ρ.
341 2128 399 2156 109
418 2125 459 2157 Ν.
482 2123 640 2164 (Hazzler
657 2136 693 2165 l).
717 2124 791 2164 162)
819 2127 852 2157 ei
879 2126 950 2158 (Iel.
972 2135 1018 2157 m.
1038 2130 1058 2156 2
1077 2126 1217 2158 Fronto
1291 2127 1441 2158 traditus

96 2167 166 2209 (tur
186 2180 278 2203 corr.
301 2171 395 2211 m..‘?)
416 2173 554 2204 Fronto
607 2182 627 2204 a
648 2173 707 2212 Sp.
730 2172 865 2205 Albino
888 2173 1107 2212 proconsule
1127 2168 1442 2206 XKT²F²lsnm²

97 2217 234 2251 Fronto
262 2219 323 2258 Sp.
344 2219 469 2251 Albini
495 2222 723 2259 proconsulis
751 2222 826 2252 rell.
849 2222 955 2253 codd.
1054 2219 1098 2252 28
1124 2221 1249 2254 labore
1275 2221 1440 2253 PANKl

157 2274 240 2297 nam
269 2290 304 2298 ..
327 2263 439 2353 .)(28)
479 2267 705 2299 confirmavit
743 2268 904 2300 ³*Fronto
940 2278 976 2307 ρ.
1011 2271 1180 2300 109-110
1210 2268 1252 2300 Ν.
1284 2266 1444 2307 (Hauler

96 2322 131 2351 ρ.
156 2317 214 2344 163
234 2316 270 2346 et
292 2317 352 2346 168

170 2374 367 2403 Sallustius:
391 2375 546 2407 Catilina,
568 2376 731 2410 iugurtha
753 2376 805 2404 ed.
828 2376 989 2410 Ahlberg.
1011 2376 1157 2410 (Maior.)
1210 2373 1228 2405 7
