1593 2496
377 79 649 116 CATILINAE
672 77 988 116 CONIURATIO
1017 83 1132 114 7—10
1400 81 1429 123 9

80 195 176 235 aliis
222 194 334 233 bene
375 193 486 232 facta
524 192 689 231 laudari
730 203 861 241 quam
902 192 996 241 ipse
1035 191 1218 231 aliorum
1259 201 1429 230 narrare

81 254 281 294 malebat.

140 313 267 363 Igitur
294 313 413 352 domi
441 311 706 360 militiaeque
734 311 837 350 boni
866 321 1008 350 mores
1031 309 1299 355 colebantur;
1328 320 1428 349 con·
1456 309 1482 348 9

81 373 227 413 cordia
260 382 476 418 maxuma,
509 371 703 410 minuma
735 371 915 409 avaritia
942 374 1046 415 erat;
1080 371 1146 408 ius
1174 369 1430 418 bonumque

43 439 61 464 5
80 432 196 482 apud
225 443 302 471 eos
329 442 417 471 non
446 430 615 480 legibus
636 430 776 479 magis
798 440 929 478 quam
951 434 1102 468 natura
1123 429 1308 468 valebat.
1348 429 1428 467 iur-
1456 437 1476 469 2

79 493 151 542 gia
171 491 411 530 discordias
432 490 671 529 simultates
687 500 784 528 cum
802 489 1000 528 hostibus
1017 487 1288 533 exercebant,
1310 488 1428 527 cives

80 562 177 590 cum
206 551 373 590 civibus
402 549 456 588 de
481 550 636 588 virtute
663 548 894 588 certabant.
934 549 976 587 in
999 548 1224 597 suppliciis
1247 547 1428 587 deorum

81 610 312 660 magnifici,
340 609 458 649 domi
487 609 613 658 parci,
641 609 683 646 in
711 609 876 647 amicos
904 607 1056 647 fideles
1085 612 1215 646 erant.
1256 606 1428 646 duabus
1456 614 1476 646 3

83 670 148 709 his
169 669 343 715 artibus,
364 668 548 707 audacia
568 669 611 707 in
632 667 760 713 bello,
782 667 855 706 ubi
877 678 960 716 pax
983 671 1186 706 evenerat
1201 667 1431 715 aequitate,

28 745 62 773 10
82 740 217 778 seque
250 725 430 777 remqu‘e
464 727 682 777 publicam
710 727 928 767 curabant.
968 737 1150 775 quarum
1178 737 1318 765 rerum
1347 736 1430 775 ego
1458 732 1480 764 4

83 799 287 827 maxuma
314 788 577 827 documenta
599 787 706 825 haec
727 786 882 832 habeo,
911 787 1030 836 quod
1052 786 1094 824 in
1118 785 1232 825 bello
1256 786 1432 833 saepius

81 847 348 887 vindicatum
377 852 440 886 est
468 848 509 885 in
539 857 626 892 eos,
657 847 730 894 qui
759 850 906 885 contra
933 846 1161 897 imperium
1190 845 1232 883 in
1260 844 1432 884 hostem

82 911 383 956 pugnaverant
417 907 580 955 quique
613 905 775 944 tardius
809 906 998 944 revocati
1033 904 1198 954 proelio
1238 915 1434 943 excesser

83 971 186 1012 rant,
219 977 350 1015 quam
385 966 458 1015 qui
492 966 617 1015 signa
643 964 885 1013 relinquere
912 969 984 1003 aut
1012 964 1125 1013 pulsi
1153 964 1250 1003 loco
1279 963 1433 1003 cedere

30 1042 63 1069 ιε,
84 1027 177 1065 ausi
211 1029 346 1070 erant;
380 1026 421 1064 in
456 1035 563 1074 pace
596 1035 699 1063 vero
734 1024 853 1073 quod
881 1023 1104 1063 beneficiis
1133 1023 1273 1072 magis
1301 1033 1432 1072 quam
1460 1029 1481 1061 5

84 1090 201 1125 metu
234 1085 461 1133 imperium
495 1083 718 1133 agitabant
752 1088 793 1122 et
819 1088 998 1132 accepta
1024 1083 1180 1122 iniuria
1207 1083 1434 1132 ignoscere

84 1155 216 1194 quam
244 1145 445 1193 persequi
473 1143 705 1182 malebant.

144 1202 231 1243 Sed
258 1203 331 1242 ubi
353 1203 502 1243 labore
523 1207 654 1251 atque
675 1203 836 1241 iustitia
858 1213 923 1241 res
945 1201 1120 1250 publica
1141 1202 1283 1247 crevit,
1311 1204 1497 1250 regele

85 1263 232 1312 magni
266 1262 381 1302 bello
416 1262 579 1308 domiti,
612 1262 812 1301 nationes
846 1261 961 1300 ferae
989 1266 1029 1300 et
1057 1260 1208 1310 populi
1236 1261 1435 1310 ingentes

30 1335 65 1362 20
85 1324 127 1362 vi
161 1322 340 1367 subacti,
374 1321 589 1370 Carthago
625 1320 799 1360 aemula
831 1321 982 1369 imperi
1010 1320 1193 1360 Romani
1221 1320 1275 1359 ab
1305 1320 1436 1368 stirpe

86 1382 252 1427 interiit,
275 1387 429 1420 cuncta
450 1381 585 1419 maria
600 1385 824 1429 terraeque
841 1380 1059 1429 patebant,
1081 1381 1249 1419 saevire
1264 1379 1436 1419 fortuna

85 1451 136 1480 ac
163 1442 344 1480 miscere
372 1440 520 1480 omnia
547 1441 703 1488 coepit.
744 1440 817 1488 qui
840 1439 1022 1485 labores,
1051 1438 1252 1488 pericula,
1280 1438 1436 1477 dubias
1464 1445 1485 1477 2

86 1505 218 1549 atque
244 1510 421 1548 asperas
449 1510 514 1538 res
542 1498 665 1538 facile
686 1499 984 1545 toleraverant,
1012 1500 1062 1538 iis
1085 1500 1221 1538 otium
1243 1498 1438 1537 divitiae-

87 1570 184 1608 que,
230 1559 423 1608 optanda
467 1559 585 1604 alias,
631 1559 750 1598 oneri
796 1559 1084 1607 miseriaeque
1129 1558 1258 1597 fuere.
1311 1557 1437 1607 igitur
1465 1564 1484 1595 3

31 1631 67 1657 25
89 1620 226 1668 primo
255 1619 479 1667 pecuniae,
507 1618 665 1657 deinde
693 1618 845 1666 imperi
873 1618 1033 1666 cupido
1062 1618 1209 1657 crevit:
1239 1628 1291 1656 ea
1312 1616 1437 1665 quasi

88 1678 287 1717 materies
309 1679 505 1717 omnium
522 1677 734 1717 malorum
750 1677 879 1716 fuere.
906 1688 1097 1726 namque
1112 1677 1290 1716 avaritia
1305 1675 1437 1715 fidem

88 1737 346 1786 probitatem
387 1742 639 1785 ceterasqne
675 1737 774 1775 artiS
811 1736 952 1776 bonas
989 1736 1217 1781 subvortit;
1258 1747 1334 1784 pro
1371 1735 1437 1773 his
1464 1741 1486 1773 4

88 1796 348 1845 superbiam,
371 1796 678 1841 crudelitatem,
700 1795 807 1835 deos
829 1795 1073 1845 neglegere,
1095 1796 1244 1834 omnia
1264 1794 1439 1834 venalia

89 1855 248 1894 habere
270 1855 455 1895 edocuit.
482 1855 660 1894 ambitio
683 1855 842 1895 multos
864 1854 1056 1894 mortalis
1078 1854 1211 1894 falsos
1233 1854 1323 1893 fieri
1339 1854 1439 1892 sub-

149 1960 170 1992 4
196 1961 252 1992 ius
268 1985 276 1992 .
292 1985 300 1992 .
315 1985 322 1993 .
337 1961 482 1992 valebat
509 1961 600 2000 Any.
621 1961 687 1991 civ.
707 1964 737 1996 2,
754 1964 802 1992 17.
838 1964 868 2000 2,
884 1963 923 1991 18
943 1957 1032 1997 (bis)
1133 1959 1151 1990 7
1179 1960 1216 1990 in
1229 1984 1236 1991 .
1253 1983 1260 1991 .
1273 1984 1281 1991 .
1298 1959 1438 1998 magni-

90 2008 150 2040 fici
176 2008 270 2039 Non.
289 2017 325 2047 p.
345 2011 417 2047 398,
431 2012 470 2040 19
494 2008 593 2040 Serv.
614 2008 700 2039 Aen.
722 2012 750 2046 l,
766 2011 826 2039 632
906 2007 948 2038 12
975 2007 1198 2038 vindicatum
1219 2030 1227 2038 .
1244 2031 1252 2038 .
1267 2031 1275 2038 .
1297 2015 1438 2045 pugna-

90 2058 217 2087 verant
240 2055 362 2087 Diom.
381 2065 538 2095 yramm.
559 2055 575 2087 I
591 2058 694 2093 365,3
720 2056 764 2094 cf.
785 2055 915 2095 Heyes.
935 2058 967 2090 5,
981 2059 1007 2092 7,
1025 2057 1063 2085 18
1125 2054 1347 2085 vindicatum
1369 2051 1436 2091 est]

91 2106 146 2134 est
165 2112 236 2134 om.
250 2102 370 2135 Diom.
421 2104 457 2134 in
479 2103 621 2134 hostem
643 2112 713 2134 οηι.
727 2102 848 2134 Diom.
919 2102 961 2133 15
976 2102 1094 2140 magis
1109 2111 1179 2133 om.
1194 2101 1268 2132 Pls
1321 2101 1363 2132 16
1378 2109 1436 2132 ac-

92 2153 199 2188 cepta
214 2175 221 2182 .
237 2174 245 2182 .
261 2174 269 2182 .
285 2151 469 2182 malebant
489 2150 608 2189 *Αιιφ
636 2151 742 2189 epist.
770 2153 840 2189 138,
854 2154 884 2187 9,
900 2153 939 2181 10
1009 2148 1051 2180 19
1071 2149 1241 2188 ingentes
1268 2158 1338 2181 om.
1353 2148 1437 2179 PBl

151 2197 193 2228 21
222 2201 352 2229 cuncta
367 2222 373 2229 .
390 2221 398 2229 .
414 2222 421 2229 .
437 2198 612 2236 patebant
637 2197 736 2230 Sero.
757 2198 843 2229 Aen.
866 2201 894 2235 1,
908 2200 970 2228 298
1055 2196 1098 2227 22
1123 2205 1165 2227 ac
1187 2197 1339 2228 miscere
1360 2204 1437 2226 om-

93 2245 155 2276 nia
173 2254 202 2277 s.
223 2254 252 2277 s.
272 2239 377 2276 P²A²
444 2245 488 2277 23
510 2245 733 2284 divitiaeque
760 2240 883 2276 A²CB
906 2244 1054 2275 divitiae
1075 2238 1230 2282 A¹rell.,
1252 2253 1283 2275 υ.
1299 2244 1363 2282 Ay.
1381 2246 1439 2274 179

150 2291 194 2323 24
209 2293 372 2330 optanda
385 2288 490 2324 PA¹1
506 2292 692 2331 optandae
706 2287 757 2323 A‘-'
772 2293 849 2324 rell.
900 2291 1044 2322 aliasPl
1060 2286 1190 2322 aliaA¹
1205 2291 1284 2322 aliis
1294 2288 1345 2321 Α*
1359 2291 1438 2322 rell.

153 2338 198 2370 29
230 2343 265 2370 et
291 2340 385 2371 amb.
412 2339 444 2371 Y
471 2338 585 2378 (-DF)
600 2348 665 2371 nm
691 2340 842 2371 ambitio
861 2364 869 2371 .
890 2364 898 2370 .
920 2363 927 2370 .
948 2339 1095 2378 subegit
1113 2338 1213 2371 Sero.
1233 2338 1320 2370 Aen.
1334 2342 1364 2376 4,
1378 2341 1440 2369 283

166 2399 361 2427 Sallustius:
385 2400 539 2432 Catilina,
563 2400 725 2434 Iugurtha
757 2400 810 2428 ed.
826 2400 988 2434 Ahlberg.
1010 2399 1154 2433 (Maior.)
1204 2394 1227 2429 2
