1593 2496
136 62 191 102 36
563 55 604 91 C.
625 55 867 92 SALLUSTI
896 54 1053 92 CRISPI

94 173 113 204 3
141 168 195 207 ab
223 167 552 207 adulescentulo
576 166 761 207 Caesare
786 168 925 207 victus
947 168 1214 208 discesserat.
1254 179 1320 208 res
1341 173 1487 208 autem

142 232 388 276 opportuna
422 227 662 272 videbatur,
694 227 814 276 quod
848 228 883 266 is
911 227 1108 276 privatim
1137 228 1311 277 egregia
1338 227 1488 267 libera-

142 286 271 331 litate,
299 286 472 335 publice
500 286 715 325 maxumis
743 286 994 325 muneribus
1021 286 1229 335 grandem
1257 287 1488 336 pecuniam

94 352 116 381 4
143 345 342 385 debebat.
382 345 459 384 sed
487 345 561 384 ubi
584 345 808 384 consulem
830 346 885 384 ad
906 350 1071 384 tantum
1093 345 1260 384 facinus
1282 345 1489 395 inpellere

141 410 376 453 nequeunt,
410 405 492 453 ipsi
526 403 774 453 singillatim
809 404 1116 444 circumeundo
1149 409 1281 454 atque
1310 405 1487 444 ementi·
1524 411 1543 438 5

141 463 274 509 undo,
308 474 421 512 quae
455 474 502 502 se
536 474 588 502 ex
614 462 835 503 Volturcio
869 469 942 502 aut
968 463 1280 513 Allobrogibus
1312 464 1490 504 audisse

141 523 346 567 dicerent,
379 533 585 572 magnam
613 522 671 560 illi
699 522 907 561 invidiam
936 522 1241 568 conflaverant,
1267 534 1407 572 usque
1434 534 1489 563 eo

141 586 186 620 ut
208 581 406 621 nonnulli
429 582 597 630 equites
612 580 808 628 Romani,
829 582 902 631 qui
925 581 1112 631 praesidi
1134 592 1266 620 causa
1280 593 1377 621 curn
1392 582 1489 622 telis

139 645 259 680 erant
295 641 453 679 circum
491 641 647 680 aedem
682 639 963 687 Concordiae,
999 652 1076 680 seu
1113 640 1290 689 periculi
1323 642 1489 691 magni-

138 700 289 739 tudine
317 711 394 739 seu
423 700 555 738 animi
577 699 819 739 mobilitate
840 700 1012 749 inpulsi,
1039 711 1126 749 quo
1149 700 1338 739 studium
1361 711 1487 740 suom
1510 707 1545 735 10
1565 733 1573 741 .

144 759 188 798 in
228 769 317 798 rem
359 758 577 807 publicam
616 758 770 798 clarius
808 763 933 805 esset,
974 759 1211 809 egredienti
1249 770 1300 799 ex
1336 764 1489 799 senatu

142 817 315 857 Caesari
342 817 489 867 gladio
517 819 822 858 minitarentur.

67 878 123 916 50
194 877 307 916 Dum
346 877 454 916 haec
488 878 530 915 in
566 882 720 916 senatu
753 882 939 927 aguntur
973 881 1014 916 et
1047 877 1150 916 dum
1185 876 1339 926 legatis
1372 876 1489 917 Allo-

136 936 321 986 brogum
344 940 384 975 et
405 935 450 976 T.
462 935 695 982 Volturcio,
717 936 987 985 conprobato
1010 947 1158 976 eorum
1175 936 1348 982 indicio,
1370 947 1489 985 prae-

140 996 228 1035 mia
262 995 561 1041 decernuntur,
595 995 731 1035 liberti
766 1001 806 1035 et
833 996 959 1044 pauci
987 1006 1039 1034 ex
1066 995 1293 1035 clientibus
1321 995 1489 1035 Lentuli
1511 1003 1544 1030 15

137 1054 322 1094 divorsis
359 1054 582 1094 itineribus
620 1054 801 1103 opifices
839 1059 969 1104 atque
1005 1055 1179 1094 servitia
1214 1055 1256 1094 in
1292 1055 1399 1093 vicis
1433 1054 1489 1094 ad

140 1125 239 1153 eum
256 1114 530 1162 eripiundum
554 1113 854 1160 sollicitabant,
876 1114 1028 1163 partim
1054 1114 1336 1162 exquirebant
1354 1114 1489 1153 duces

137 1172 476 1219 multitudinum,
514 1173 587 1222 qui
630 1174 766 1221 pretio
803 1184 891 1212 rem
928 1172 1145 1221 publicam
1181 1184 1339 1212 vexare
1375 1173 1489 1212 soliti

136 1236 266 1272 erant.
294 1231 513 1281 Cethegus
541 1237 687 1271 autern
710 1243 785 1281 per
804 1232 979 1271 nuntios
1000 1231 1206 1271 familiam
1222 1237 1353 1281 atque
1366 1231 1490 1271 liber-

135 1296 202 1330 tos
230 1302 348 1337 suos,
376 1291 512 1331 lectos
540 1296 581 1331 et
608 1292 875 1336 exercitatos,
903 1291 1053 1330 orabat
1075 1287 1133 1339 [in
1156 1287 1414 1339 audaciam],
1441 1296 1488 1330 ut
1506 1297 1543 1325 20

87 1356 107 1386 3
134 1361 265 1400 grege
292 1350 404 1390 facto
433 1362 530 1390 curn
557 1350 652 1390 telis
679 1350 735 1389 ad
762 1361 860 1390 sese
888 1351 1195 1399 inrumperent.
1235 1350 1388 1390 consul
1410 1350 1485 1389 ubi

135 1420 187 1449 ea
220 1410 358 1458 parari
392 1411 611 1459 cognovit,
645 1409 868 1458 dispositis
903 1409 1141 1458 praesidiis,
1174 1414 1219 1448 ut
1252 1420 1318 1449 res
1355 1414 1488 1459 atque

88 1236 107 1267 lx.)

136 1473 307 1517 tempus
340 1469 559 1514 monebat,
593 1474 836 1508 convocato
871 1473 1025 1508 senatu
1052 1469 1188 1514 refert,
1222 1469 1324 1517 quid
1354 1468 1408 1508 de
1436 1469 1487 1508 iis

134 1527 224 1567 fieri
261 1528 441 1577 placeat,
477 1529 550 1577 qui
589 1529 631 1566 in
665 1527 913 1567 custodiam
944 1527 1089 1567 traditi
1123 1533 1253 1567 erant.
1299 1528 1375 1567 sed
1409 1538 1487 1567 eos

134 1586 264 1635 paulo
305 1592 404 1626 ante
443 1587 644 1636 frequens
685 1592 861 1626 senatus
901 1586 1168 1626 iudicaverat
1212 1592 1359 1626 contra
1398 1598 1485 1626 rem
1506 1593 1543 1621 25

86 1651 107 1680 4
134 1645 353 1694 publicam
381 1645 546 1686 fecisse.
586 1652 675 1685 tum
698 1646 747 1685 D.
762 1646 910 1685 Iunius
934 1645 1108 1685 Silanus
1131 1646 1294 1695 primus
1316 1650 1487 1685 senten-

134 1706 236 1743 tiam
264 1710 453 1755 rogatus,
481 1705 600 1755 quod
629 1717 681 1745 eo
710 1710 906 1754 tempore
934 1705 1085 1745 consul
1108 1705 1363 1754 designatus
1385 1710 1486 1751 erat,

134 1764 188 1803 de
201 1765 264 1810 iis,
276 1765 349 1813 qui
363 1765 404 1803 in
419 1765 627 1804 custodiis
639 1765 908 1810 tenebantur,
921 1769 961 1804 et
973 1769 1192 1813 praeterea
1203 1764 1257 1803 de
1267 1763 1308 1803 L.
1321 1763 1485 1809 Cassio,

132 1823 175 1862 P.
203 1823 340 1869 Furio,
373 1823 415 1863 P.
443 1823 675 1869 Umbreno,
710 1823 759 1867 Q.
780 1823 938 1869 Annio,
973 1824 1007 1862 si
1042 1823 1301 1872 deprehensi
1335 1823 1484 1869 forent,

132 1882 394 1931 supplicium
416 1883 682 1922 sumundum
703 1883 970 1929 decreverat;
994 1883 1118 1931 isque
1144 1887 1298 1931 postea
1319 1893 1486 1931 permo-
1506 1887 1543 1916 ³⁰

134 1946 202 1979 tus
225 1943 421 1981 oratione
443 1941 486 1982 C.
503 1941 699 1982 Caesaris
721 1941 908 1991 pedibus
929 1942 972 1980 in
997 1942 1254 1981 sententiam
1279 1941 1338 1980 Ti.
1355 1941 1486 1981 Nero-

134 2001 201 2038 nis
229 2000 385 2039 iturum
414 2012 461 2040 se
489 2001 605 2047 dixit,
633 2001 751 2050 quod
781 2001 836 2040 de
857 2011 910 2040 ea
930 2012 974 2040 re
995 2000 1222 2050 praesidiis
1244 2000 1402 2039 additis
1423 2011 1485 2039 re-

134 2058 362 2098 ferundum
397 2065 634 2100 censuerat.
680 2060 756 2099 sed
786 2059 955 2106 Caesar,
994 2059 1068 2098 ubi
1097 2059 1152 2098 ad
1181 2070 1280 2099 eum
1307 2064 1485 2098 ventum

133 2122 208 2163 est,
240 2123 417 2167 rogatus
447 2120 704 2159 sententiam
733 2130 758 2158 a
793 2118 973 2159 consule
1000 2119 1181 2158 huiusce
1207 2118 1326 2158 modi
1353 2117 1486 2157 verba

132 2176 302 2216 locutus
331 2183 410 2217 est:
1495 2182 1532 2210 35

190 2257 232 2290 31
262 2235 497 2296 pedibusvinm
509 2235 727 2290 sententiam
751 2258 861 2291 Char.
877 2267 1035 2298 gramm.
1050 2258 1067 2290 Ι
1084 2234 1213 2297 21ὲ,ἑ5
1234 2235 1238 2236 ⁷
1279 2233 1482 2290 biadastis

131 2298 303 2336 B²M²m²
328 2306 461 2337 abditis
489 2307 565 2338 rell.
585 2307 750 2345 fortasse
776 2308 873 2338 recte

87 2064 107 2093 01
