1593 2496
363 25 638 63 CATILINAE
665 24 983 62 CONIURATIO
1014 28 1102 59 1—‘2
1379 29 1404 69 3

56 151 105 180 se
138 139 339 189 indigens
366 138 547 178 alterum
574 137 749 177 alterius
777 137 939 176 auxilio
968 142 1077 186 eget.
1129 137 1255 186 igitur
1282 136 1403 176 initio
1432 136 1458 174 2

58 210 182 249 reges
203 218 258 223 —
279 209 380 237 narn
407 199 450 237 in
477 198 596 237 terris
623 208 784 236 nomen
806 197 957 246 imperi
979 196 1022 235 id
1044 196 1229 245 primum
1252 195 1328 234 fuit
1349 214 1403 220 —-

57 258 219 298 divorsi
257 268 354 307 pars
390 257 627 307 ingenium,
662 256 734 295 alii
767 267 925 305 corpus
958 255 1233 295 exercebant:
1274 255 1403 294 etiam

56 322 147 356 tum
192 317 280 356 vita
325 317 553 356 hominum
599 315 693 355 sine
737 314 974 364 cupiditate
1018 314 1279 365 agitabatur:
1325 324 1404 352 sua

0 383 19 411 ⁵
57 376 250 426 quoique
288 376 392 415 satis
438 375 677 425 placebant.
730 379 883 424 postea
926 385 1030 414 vero
1063 385 1196 423 quam
1230 374 1273 412 in
1300 372 1405 412 Asia
1432 376 1452 407 2

55 434 202 486 Cyrus,
222 436 264 474 in
287 434 468 475 Graecia
489 434 824 474 Lacedaemonii
846 438 887 473 et
908 433 1198 473 Athenienses
1220 443 1405 481 coepere

56 495 174 534 urbis
211 500 343 544 atque
381 495 580 534 nationes
617 493 831 543 subigere,
870 492 1110 532 lubidinem
1147 491 1404 532 dominandi

56 564 233 593 causam
270 553 371 594 belli
407 553 579 598 habere,
615 563 865 592 maxumam
903 552 1085 602 gloriam
1119 553 1162 590 in
1197 562 1403 590 maxumo

56 613 237 662 imperio
274 618 436 662 putare,
475 617 566 652 tum
603 612 781 652 demum
819 611 1010 661 periculo
1047 616 1178 660 atque
1215 610 1404 661 negotiis

1 677 36 707 1⁰
55 677 325 721 compertum
364 676 427 712 est
456 673 497 710 in
553 671 667 711 bello
708 671 955 720 plurumum
996 672 1219 720 ingenium
1260 681 1404 719 posse.

55 731 175 781 quod
220 732 255 770 si
301 742 450 781 regum
496 736 627 780 atque
666 731 974 779 imperatorum
1014 731 1147 769 animi
1186 730 1320 768 virtus
1360 729 1403 767 in
1432 732 1452 764 3

56 801 163 840 pace
202 791 259 830 ita
298 798 342 830 ut
381 791 423 829 in
464 790 578 830 bello
615 789 788 836 valeret,
826 789 1101 839 aequabilius
1137 794 1268 838 atque
1305 799 1405 828 con-

55 850 236 889 stantius
269 861 367 890 sese
404 861 469 889 res
502 850 720 889 humanae
747 849 967 894 haberent,
1001 860 1145 898 neque
1172 848 1290 887 aliud
1319 847 1404 887 alio

55 909 148 948 ferri
187 920 331 958 neque
370 909 523 948 mutari
562 920 612 948 ac
651 909 819 948 misceri
860 910 1007 948 omnia
1043 919 1252 948 cerneres.
1303 917 1404 946 nam
1433 910 1452 940 4

0 974 35 1002 ¹5
55 969 283 1018 imperium
334 968 458 1008 facile
509 969 560 1008 iis
605 968 767 1008 artibus
812 968 1026 1014 retinetur,
1076 967 1236 1016 quibus
1282 967 1403 1005 initio

56 1032 224 1076 partum
261 1032 336 1067 est.
382 1038 531 1067 verum
567 1028 641 1067 ubi
677 1038 754 1077 pro
791 1026 939 1067 labore
975 1027 1155 1072 desidia,
1192 1037 1268 1075 pro
1306 1036 1406 1065 con·
1433 1034 1467 1064 5-

55 1087 234 1126 tinentia
271 1092 311 1126 et
346 1087 565 1136 aequitate
601 1086 752 1127 lubido
789 1091 920 1136 atque
956 1086 1159 1135 superbia
1195 1087 1406 1130 invasere,

55 1145 226 1185 fortuna
264 1145 391 1185 simul
432 1157 529 1185 cum
576 1146 769 1186 moribus
796 1147 1041 1186 inmutatur.
1087 1147 1144 1184 ita
1176 1145 1404 1194 imperium
1432 1152 1454 1182 ὁ

56 1216 227 1255 semper
262 1205 317 1244 ad
354 1210 583 1255 optumum
621 1216 843 1255 quemque
878 1216 903 1244 a
942 1206 1086 1244 minus
1121 1205 1238 1244 bono
1274 1210 1406 1243 trans-

2 1263 198 1305 zofertur.
1434 1270 1454 1301 7

116 1322 241 1367 Quae
292 1323 492 1363 homines
544 1330 663 1363 arant
715 1325 923 1373 navigant
968 1323 1212 1368 aedificant,
1263 1323 1405 1362 virtuti

57 1384 205 1422 omnia
238 1388 399 1432 parent.
446 1382 523 1422 sed
556 1383 677 1422 multi
706 1383 921 1429 mortales,
949 1383 1082 1422 dediti
1109 1383 1246 1421 ventri
1275 1387 1405 1431 atque
1434 1389 1454 1420 S

56 1452 226 1488 somno,
266 1442 427 1482 indocti
467 1442 703 1491 incultique
741 1443 874 1481 vitam
915 1443 1037 1481 sicuti
1081 1442 1406 1491 peregrinantes

56 1502 278 1544 transiere:
300 1501 459 1550 quibus
482 1501 672 1551 profecto
695 1507 842 1541 contra
864 1506 1059 1541 naturam
1081 1512 1239 1550 corpus
1253 1500 1406 1550 volup*

0 1566 37 1595 25
57 1561 143 1605 tati,
179 1561 324 1600 anima
361 1561 481 1600 oneri
517 1561 605 1600 fuit.
657 1572 806 1601 eorum
844 1572 927 1610 ego
963 1562 1095 1599 vitam
1134 1565 1406 1609 mortemque

125 1713 138 1744 1
176 1712 351 1745 alterum.
375 1739 381 1744 .
406 1737 413 1744 .
436 1716 520 1752 eget
556 1711 678 1746 Schol.
719 1713 808 1745 Hor.
836 1723 899 1745 ars
924 1717 983 1744 411
1023 1713 1145 1745 Schol.
1177 1713 1278 1753 Ver-y.
1298 1713 1406 1744 Rern.

55 1768 183 1799 §eor-9.
213 1764 305 1800 2,28
373 1761 479 1800 igitur
517 1761 620 1793 initio
653 1769 757 1800 reges
798 1760 949 1793 Cledon.
981 1770 1136 1800 yramm.
1176 1760 1202 1793 V
1226 1764 1307 1799 74,9
1340 1760 1406 1799 igi-

56 1810 110 1839 tur
132 1833 138 1839 .
156 1831 162 1839 .
179 1831 186 1839 .
209 1809 403 1846 placebant
434 1808 527 1848 Any.
554 1810 621 1840 civ.
641 1812 672 1847 3,
691 1812 728 1840 10
816 1808 837 1839 5
853 1811 982 1846 postea
1003 1832 1012 1840 .
1028 1832 1034 1839 .
1051 1832 1059 1840 .
1080 1806 1133 1846 (9)
1161 1811 1288 1847 putare
1314 1808 1406 1847 Any.

56 1855 125 1886 cir-⁸.
151 1858 181 1894 3,
197 1859 235 1886 14
335 1854 356 1886 9
388 1858 463 1887 tum
496 1856 642 1887 demum
663 1879 672 1888 .
689 1880 719 1887 ..
742 1859 966 1894 compertum
999 1858 1054 1887 est
1085 1855 1178 1887 Non.
1210 1865 1248 1895 ρ.
1280 1858 1352 1893 364,
1368 1859 1409 1886 17

56 1904 143 1933 tunc
177 1911 264 1934 vero
301 1902 396 1935 Non.
496 1903 539 1934 15
572 1903 674 1934 initio
709 1912 779 1934 om.
800 1903 827 1934 P
928 1902 971 1934 16
1004 1906 1144 1941 partum
1178 1905 1234 1935 est
1268 1912 1297 1934 s.
1323 1912 1353 1934 s.
1379 1901 1407 1934 P

55 1976 60 1979 .
106 1949 149 1981 18
175 1949 318 1982 fortuna
339 1975 346 1982 .
361 1975 370 1982 .
386 1975 393 1982 .
415 1951 610 1982 inmutatur
629 1950 723 1982 Non.
742 1960 778 1989 p.
799 1954 871 1986 526,
886 1954 928 1981 26
1000 1950 1042 1981 21
1067 1948 1254 1988 homines]
1276 1958 1406 1982 omnes

54 1997 223 2037 plerique
254 1998 362 2030 codd.
460 1997 503 2029 22
535 1998 602 2030 sed
618 2022 625 2029 .
641 2022 648 2029 .
666 2022 672 2029 .
688 1998 861 2029 transiere
895 1998 1009 2029 Prisc.
1030 2006 1188 2037 yramm.
1208 1997 1258 2029 ΙΙΙ
1281 2001 1352 2037 433,
1367 2001 1408 2028 30

115 2044 253 2077 indocti
291 2045 490 2084 incultique
528 2045 626 2078 Serv.
661 2046 748 2077 Aen.
776 2048 807 2082 8,
820 2048 884 2076 316
967 2045 1105 2077 indocti
1140 2070 1146 2076 .
1171 2070 1177 2076 .
1199 2069 1206 2076 .
1233 2046 1407 2076 transiere

57 2089 157 2124 Serv.
176 2101 304 2131 yeory.
332 2097 359 2130 1,
373 2096 394 2124 3
499 2092 544 2125 23
576 2093 685 2124 vitam
784 2093 957 2124 transiere
987 2091 1084 2124 Non.
1102 2102 1138 2132 ρ.
1159 2096 1230 2130 419,
1244 2096 1285 2123 22
1310 2092 1406 2124 Dori.

61 2138 139 2171 Ter.
165 2139 313 2171 Phorm.
340 2142 401 2171 605
438 2140 613 2172 transiere
651 2139 727 2171 ΚΜ
765 2138 804 2178 (g
829 2150 858 2171 s.
886 2138 980 2179 s.)m
997 2139 1092 2171 Non.
1124 2140 1341 2171 transierunt
1373 2139 1405 2172 O

56 2185 201 2218 Donati
232 2188 382 2218 transire
414 2183 465 2218 A²
497 2188 697 2225 transigere
730 2185 815 2226 N(g
829 2185 916 2225 (iel.)
949 2186 1010 2217 Fm
1038 2186 1136 2218 Serv.
1162 2196 1290 2227 θεον-9.
1310 2186 1406 2218 Dori.

57 2236 266 2272 transegere
293 2229 345 2265 Αἱ
365 2235 442 2267 rell.
463 2236 570 2266 codd.
646 2234 694 2265 25,
718 2243 840 2266 eorum
859 2259 864 2265 .
882 2259 888 2265 .
903 2259 912 2265 .
929 2239 1093 2265 aestumo
1117 2234 1231 2267 Prisc.
1249 2243 1408 2273 yramm.

58 2279 107 2310 ΙΙΙ
123 2285 224 2319 44,21
252 2281 380 2312 horum
408 2282 519 2313 Prisc.
