1593 2496
376 51 581 87 BELLUM
610 51 975 88 IUGURTHINUM
1006 55 1143 87 13—14
1378 56 1435 97 63

85 175 220 214 penes
247 175 327 204 vos
355 175 469 209 esse;
497 164 624 204 simul
653 164 835 204 eniterer
861 163 979 203 domi
1008 163 1275 213 militiaeque
1302 175 1434 213 quam

85 234 289 263 maxumo
317 224 413 262 usui
442 234 539 263 esse
566 223 731 274 populo
757 222 974 268 Rom-anm
1000 233 1080 262 vos
1101 222 1207 262 mihi
1228 227 1436 272 cognato-

84 293 189 329 rum,
220 293 300 322 vos
322 282 531 322 adfinium
554 282 651 324 loco
674 282 894 322 ducerem:
929 282 964 321 si
984 292 1036 321 ea
1057 281 1269 327 fecissem,
1297 282 1338 320 in
1360 293 1436 321 vo-

84 345 169 381 stra
189 342 380 382 amicitia
400 342 633 382 exercitum
655 342 827 382 divitias
849 342 1120 381 munimenta
1140 341 1261 391 regni
1277 352 1346 380 me
1363 341 1435 380 ha-

40 410 59 439 5
85 400 283 440 biturum.
323 412 436 450 quae
464 413 597 451 quom
627 405 859 451 praecepta
886 401 1074 450 parentis
1102 401 1187 440 mei
1212 400 1434 450 agitarem,
1463 405 1483 437 2

83 459 296 509 Iugurtha,
327 460 460 501 homo
489 461 685 501 omnium
714 471 825 510 quos
852 464 962 499 terra
989 461 1172 499 sustinet
1199 459 1436 500 sceleratis-

83 530 246 564 sumus,
273 523 524 569 contempto
553 520 734 570 imperio
759 523 907 559 vostro
930 518 1188 558 Masinissae
1209 530 1280 559 me
1301 530 1436 568 nepo-

84 583 170 618 tem
198 583 239 618 et
266 579 351 618 iam
379 579 434 618 ab
461 580 591 629 stirpe
618 580 786 619 socium
814 582 946 629 atque
970 579 1158 618 amicum
1182 578 1333 628 populi
1354 577 1436 619 Ro-

83 638 201 677 mani
229 649 362 688 regno
390 638 660 688 fortunisque
687 638 891 679 omnibus
920 638 1094 687 expulit.

32 707 66 735 ιο
143 696 287 747 Atque
309 709 405 747 ego,
433 703 574 747 patres
597 698 839 747 conscripti,
861 698 1069 747 quoniam
1092 709 1144 737 eo
1168 698 1436 737 miseriarum
1464 701 1485 733 3

85 761 291 796 venturus
313 768 442 803 eram,
462 757 622 797 vellem
644 758 789 807 potius
811 757 867 797 ob
886 768 985 796 mea
1000 768 1131 806 quam
1149 757 1206 797 ob
1221 757 1436 796 maiorum

85 826 281 856 meorum
315 816 528 856 beneficia
563 828 694 866 posse
727 828 797 856 me
830 827 855 855 a
886 816 1013 856 vobis
1041 815 1250 856 auxilium
1279 820 1436 865 petere,

84 886 135 914 ac
167 885 371 915 maxume
403 876 551 915 deberi
585 876 688 915 mihi
722 875 936 916 beneficia
969 886 994 914 a
1028 875 1193 925 populo
1225 874 1436 922 Romano,

85 934 243 984 quibus
264 946 353 975 non
374 946 560 985 egerem,
584 935 825 975 secundum
848 946 911 981 ea,
933 935 967 973 si
990 935 1280 974 desideranda
1302 939 1436 981 erant,

33 1004 67 1032 15
88 994 146 1032 uti
174 994 329 1034 debitis
351 998 501 1034 uterer.
540 995 617 1034 sed
646 995 855 1044 quoniam
883 1005 1033 1043 parurn
1062 998 1153 1033 tuta
1178 1006 1252 1044 per
1273 1005 1320 1034 se
1341 994 1437 1043 ipsa
1464 998 1485 1029 4

86 1053 278 1102 probitas
312 1058 376 1093 est
401 1065 546 1103 neque
574 1054 678 1093 mihi
706 1055 748 1093 in
775 1065 908 1093 manu
936 1053 1024 1100 fuit,
1063 1052 1266 1103 Iugurtha
1295 1053 1436 1103 qualis

84 1112 203 1158 foret,
236 1112 290 1151 ad
324 1124 406 1153 vos
440 1113 628 1163 confugi,
662 1118 805 1163 patres
835 1113 1078 1162 conscripti,
1111 1113 1282 1162 quibus,
1316 1112 1436 1162 quod

85 1171 190 1211 mihi
210 1173 512 1212 miserrumum
535 1177 610 1219 est,
632 1184 765 1223 cogor
786 1174 903 1222 prius
924 1173 1044 1212 oneri
1066 1183 1198 1222 quam
1214 1173 1311 1212 usui
1327 1183 1436 1212 esse.

86 1231 213 1271 ceteri
240 1242 364 1281 reges
386 1236 459 1271 aut
486 1231 601 1272 bello
628 1233 730 1271 victi
757 1233 800 1271 in
828 1232 1061 1271 amicitiam
1082 1243 1108 1271 a
1127 1232 1255 1271 vobis
1276 1232 1435 1277 recepti
1464 1236 1484 1267 5

32 1300 69 1328 zo
88 1294 187 1330 sunt
208 1294 282 1330 aut
303 1291 344 1329 in
367 1291 456 1330 suis
479 1291 623 1331 dubiis
644 1291 772 1331 rebus
793 1292 1046 1331 societatem
1065 1295 1257 1331 vostram
1273 1291 1438 1340 adpeti-

88 1354 259 1396 verunt;
279 1349 443 1389 familia
461 1355 607 1390 nostra
623 1362 720 1390 cum
737 1350 903 1400 populo
918 1349 1116 1390 Romano
1133 1350 1247 1390 bello
1265 1349 1439 1390 Cartha-

87 1409 274 1459 giniensi
289 1410 522 1449 amicitiam
539 1410 730 1456 instituit,
752 1421 839 1459 quo
851 1414 1048 1459 tempore
1063 1410 1202 1460 magis
1218 1409 1328 1449 fides
1344 1410 1439 1449 eius

88 1479 220 1517 quam
241 1468 411 1508 fortuna
432 1469 626 1518 petunda
647 1474 746 1509 erat.
774 1480 959 1519 quorum
981 1470 1235 1519 progeniem
1250 1480 1344 1515 vos,
1365 1480 1439 1518 pa·
1464 1474 1485 1505 6

88 1532 171 1567 tres
198 1528 441 1577 conscripti,
467 1528 602 1568 nolite
628 1529 717 1578 pati
738 1540 808 1568 me
829 1534 1035 1577 nepotem
1058 1528 1318 1568 Masinissae
1357 1529 1439 1568 fru-

34 1596 70 1624 z
90 1591 175 1626 stra
200 1598 227 1626 a
257 1587 385 1627 vobis
412 1587 620 1627 auxilium
651 1591 808 1637 petere.

148 1644 192 1685 Si
216 1645 270 1685 ad
294 1646 612 1695 impetrandum
634 1647 739 1686 nihil
761 1658 920 1686 causae
941 1647 1146 1686 haberem
1169 1652 1335 1696 praeter
1362 1647 1439 1685 mi·
1466 1651 1485 1682 7

89 1705 319 1745 serandam
345 1706 573 1751 fortunam,
603 1706 722 1756 quod
750 1707 882 1756 paulo
910 1711 1010 1745 ante
1036 1718 1108 1745 rex
1136 1717 1296 1756 genere
1322 1706 1439 1745 fama

89 1769 220 1814 atque
247 1765 385 1814 copiis
413 1770 580 1814 potens,
614 1777 729 1805 nunc
756 1765 1023 1806 deformatus
1051 1766 1282 1812 aerumnis,
1310 1766 1439 1815 inops

90 1823 254 1863 alienas
280 1835 389 1873 opes
417 1829 612 1874 expecto,
640 1829 786 1864 tamen
815 1829 903 1864 erat
927 1826 1164 1864 maiestatis
1186 1824 1337 1874 populi
1357 1823 1439 1864 Ro-

35 1891 72 1920 30
92 1883 207 1922 mani
224 1883 451 1932 prohibere
468 1885 666 1923 iniuriam
682 1895 826 1934 neque
842 1884 929 1934 pati
946 1885 1241 1933 quoiusquam
1256 1894 1438 1934 regnum

91 1953 166 1992 per
193 1942 335 1982 scelus
362 1954 564 1982 crescere.
603 1955 754 1982 verum
783 1955 866 1993 ego
889 1945 940 1982 iis
964 1943 1124 1982 finibus
1146 1943 1308 1983 eiectus
1329 1955 1438 1988 sum,
1466 1947 1487 1978 8

91 2012 202 2050 quos
227 2002 462 2042 maioribus
484 2003 593 2042 meis
615 2002 805 2052 populus
826 2002 1049 2042 Romanus
1070 2002 1200 2048 dedit,
1229 2002 1344 2041 unde
1366 2013 1440 2051 pa-

92 2066 152 2100 ter
180 2064 221 2100 et
246 2071 355 2100 avos
381 2072 505 2101 meus
533 2073 620 2100 una
646 2062 875 2101 vobiscum
900 2062 1104 2111 expulere
1125 2060 1371 2111 Syphacem
1399 2066 1439 2101 et

151 2166 172 2198 3
199 2165 374 2197 adfinium
400 2166 483 2198 loco
509 2161 664 2198 VM²m¹
690 2166 761 2199 adi.
781 2167 901 2198 locum
930 2161 1033 2198 A¹c¹
1058 2167 1094 2197 in
1115 2166 1186 2198 adt.
1207 2167 1289 2198 loco
1310 2160 1443 2198 MFm²

93 2213 130 2244 in
155 2212 228 2245 adt.
247 2213 368 2245 locum
393 2215 473 2246 rell.
550 2214 591 2246 12
618 2222 729 2253 posse
755 2223 777 2245 a
802 2210 895 2246 Vm¹
920 2222 1067 2252 possem
1089 2222 1134 2245 ea
1154 2208 1243 2245 A¹N
1319 2213 1363 2245 14
1382 2221 1439 2244 se-

93 2260 251 2292 cundum
273 2285 280 2293 .
303 2285 310 2291 .
332 2286 340 2293 .
361 2264 478 2293 uterer
508 2261 622 2293 Prisc.
643 2270 799 2301 ymmm.
819 2261 868 2293 ΙΙΙ
885 2265 936 2300 26,
948 2265 989 2292 28
1060 2261 1261 2293 secundum
1299 2255 1446 2292 XN¹1n

94 2307 208 2339 Prisc.
228 2308 356 2340 sedum
383 2317 416 2339 m
443 2309 509 2340 sed
536 2303 638 2340 C³N²
665 2309 741 2341 rell.
792 2310 821 2340 si
849 2309 925 2341 des.
947 2312 1048 2340 erant
1073 2318 1143 2340 om.
1165 2308 1279 2340 Prisc.
