1593 2496
383 57 588 93 BELLUM
616 56 978 93 IUGURTHINUM
1007 60 1141 92 78-81
1362 61 1442 100 115

91 172 262 211 turbare
285 182 385 215 rem,
408 170 598 218 denique
620 169 769 208 omnia
790 168 919 208 malle
940 179 1071 217 quam
1087 168 1186 207 victi
1202 167 1331 207 abire.
1364 167 1441 207 sed
1470 173 1490 203 8

91 241 225 280 quom
247 230 381 269 Poeni
408 228 538 268 aliam
567 228 884 273 condicionem,
911 227 1216 267 tantummodo
1241 238 1440 276 aequam,

92 293 297 339 peterent,
325 287 476 328 Graeci
505 288 730 337 optionem
753 285 1175 336 Carthaginiensium
1197 286 1369 331 faciunt,
1397 291 1441 325 ut

90 349 162 388 vel
190 348 260 394 illi,
289 359 400 397 quos
427 347 525 386 finis
553 346 718 396 populo
747 358 827 386 suo
855 350 1061 395 peterent,
1088 345 1145 384 ibi
1173 346 1261 384 vivi
1289 345 1442 384 obrue-

48 417 67 444 5
94 412 247 454 rentur,
274 407 344 446 vel
372 407 526 446 eadem
555 406 814 446 condicione
842 416 939 445 sese
966 416 1097 454 quem
1125 405 1167 443 in
1190 404 1333 444 locum
1354 403 1442 443 vel-

90 466 179 507 lent
200 477 492 517 processuros.
526 465 720 505 Philaeni
742 465 1001 505 condicione
1023 464 1204 513 probata
1224 475 1360 513 seque
1381 464 1441 502 vi·
1469 471 1489 501 9

91 532 268 576 tamque
295 537 419 565 suam
448 527 505 565 rei
527 524 727 574 publicae
748 524 1073 564 condonavere:
1103 524 1159 562 ita
1179 524 1268 562 vivi
1290 523 1442 562 obruti.

92 585 471 636 Carthaginienses
499 586 540 623 in
569 595 622 624 eo
646 583 744 624 loco
767 583 984 623 Philaenis
1005 583 1202 622 fratribus
1224 594 1319 622 aras
1341 593 1442 622 con·
1460 589 1502 620 ιο

91 656 327 690 secravere,
354 644 514 694 aliique
542 643 623 683 illis
652 643 771 684 domi
799 643 989 684 honores
1014 643 1205 681 instituti.
1245 653 1360 681 nunc
1387 641 1440 681 ad

39 713 73 740 10
94 715 182 744 rem
212 704 354 744 redeo.

151 763 354 814 Iugurtha
387 769 620 812 postquam
655 763 816 801 amissa
843 762 980 800 Thala
1007 761 1111 800 nihil
1140 762 1243 800 satis
1271 760 1510 802 iirmum80

90 827 238 863 contra
259 822 481 862 Metellum
505 826 635 871 putat,
658 833 732 870 per
753 832 936 871 magnas
951 820 1209 860 solitudines
1225 831 1323 859 cum
1339 831 1443 870 pau-

91 883 151 922 cis
180 881 395 931 profectus
424 882 619 931 pervenit
645 881 700 920 ad
724 880 946 926 Gaetulos,
974 891 1113 930 genus
1136 880 1362 919 hominurn
1385 879 1442 918 fe-

92 953 185 980 rum
213 941 511 990 incultumque
540 945 579 979 et
607 951 660 980 eo
687 945 883 989 tempore
917 941 1115 989 ignarum
1143 940 1334 979 nominis
1361 938 1443 979 Ro-

37 1009 72 1037 15
92 1002 221 1040 mani.
261 1012 410 1040 eorum
438 999 757 1039 multitudinem
786 1000 828 1038 in
855 1011 990 1038 unum
1019 999 1134 1048 cogit
1161 1009 1212 1038 ac
1232 998 1441 1047 paulatim
1471 1005 1489 1035 2

90 1060 358 1100 consuefacit
385 1059 559 1099 ordines
586 1059 759 1104 habere,
792 1059 918 1108 signa
945 1059 1082 1108 sequi,
1110 1059 1339 1107 imperium
1369 1058 1443 1097 ob-

91 1130 273 1165 servare,
295 1120 396 1159 item
418 1118 502 1157 alia
520 1118 719 1157 militaria
734 1118 885 1158 facere.
922 1122 1143 1167 praeterea
1157 1118 1270 1167 regis
1286 1117 1442 1157 Bocchi
1471 1124 1491 1156 3

93 1190 330 1228 proxumos
353 1179 525 1228 magnis
547 1177 798 1217 muneribus
820 1182 861 1217 et
882 1177 1119 1216 maioribus
1141 1177 1366 1226 promissis
1388 1177 1443 1215 ad

91 1238 283 1277 studium
311 1238 377 1276 sui
399 1237 604 1287 perducit,
632 1237 728 1286 quis
750 1237 1020 1276 adiutoribus
1042 1247 1188 1286 regem
1210 1247 1443 1286 aggressus

37 1297 270 1347 20inpellit,
303 1298 362 1336 uti
395 1297 608 1335 advorsus
640 1295 863 1336 Romanos
896 1295 1059 1335 bellum
1088 1296 1274 1344 incipiat.
1321 1295 1363 1334 id
1392 1306 1444 1335 ea
1471 1303 1490 1333 4

92 1357 230 1407 gratia
256 1356 422 1395 facilius
451 1356 718 1404 proniusque
745 1355 833 1401 fuit,
861 1355 979 1404 quod
1002 1354 1196 1394 Bocchus
1224 1355 1345 1394 initio
1368 1355 1443 1393 hu-

94 1416 214 1455 iusce
239 1415 341 1455 belli
369 1415 536 1464 legatos
558 1414 740 1454 Romam
768 1415 942 1454 miserat
969 1414 1124 1454 foedus
1147 1419 1188 1453 et
1209 1415 1443 1453 amicitiam

94 1476 287 1524 petitum,
303 1485 433 1524 quam
452 1485 538 1513 rem
555 1475 987 1523 opportunissumam
1000 1474 1173 1522 incepto
1186 1473 1303 1513 bello
1316 1474 1443 1522 pauci
1471 1482 1490 1512 5

94 1534 411 1584 impediverant
437 1534 553 1573 caeci
586 1534 776 1579 avaritia,
805 1534 903 1582 quis
931 1534 1079 1572 omnia
1106 1533 1292 1572 honesta
1313 1538 1443 1582 atque

39 1601 75 1629 25
95 1593 326 1633 inhonesta
345 1593 535 1632 vendere
556 1604 652 1632 mos
674 1598 773 1632 erat.
807 1597 847 1632 et
868 1593 953 1631 iam
969 1597 1098 1632 antea
1111 1592 1341 1642 Iugurthae
1357 1592 1445 1631 iilia
1471 1600 1491 1630 6

94 1652 263 1692 Boccho
292 1657 507 1701 nupserat.
547 1663 695 1691 verum
719 1663 770 1691 ea
791 1652 1069 1692 necessitudo
1092 1652 1208 1699 apud
1231 1651 1443 1690 Numidas

94 1712 358 1760 Maurosque
391 1711 499 1751 levis
527 1711 705 1758 ducitur,
732 1712 834 1761 quia
862 1711 1020 1760 singuli
1049 1722 1125 1759 pro
1148 1711 1308 1759 opibus
1330 1711 1444 1760 quis-

94 1782 180 1820 que
213 1782 344 1820 quam
379 1770 600 1819 plurumas
634 1782 802 1816 uxores,
826 1770 972 1810 denas
999 1770 1083 1815 alii,
1111 1770 1182 1808 alii
1211 1770 1344 1818 pluris
1371 1769 1444 1808 ha-

93 1830 208 1875 bent,
235 1830 311 1869 sed
333 1841 456 1879 reges
480 1841 531 1869 eo
554 1829 752 1879 amplius.
792 1831 849 1868 ita
871 1830 1042 1868 animus
1064 1829 1338 1868 multitudine
1360 1829 1444 1868 dis·
1472 1837 1490 1867 7

40 1889 286 1928 30trahitur:
325 1889 443 1928 nulla
481 1901 556 1938 pro
591 1889 710 1928 socia
743 1890 918 1934 obtinet,
958 1889 1113 1938 pariter
1147 1900 1300 1928 omnes
1334 1888 1443 1927 viles

95 1952 205 1987 sunt.
245 1949 370 1998 igitur
397 1949 439 1987 in
467 1949 611 1988 locum
639 1948 855 1988 ambobus
883 1948 1087 1997 placitum
1111 1949 1321 1987 exercitus
1344 1951 1503 1990 con-81

95 2007 287 2047 veniunt.
332 2007 390 2046 ibi
424 2007 509 2046 fide
543 2007 644 2046 data
671 2012 712 2047 et
738 2011 916 2056 accepta
942 2006 1145 2056 Iugurtha
1172 2007 1328 2046 Bocchi
1355 2007 1443 2045 ani-

96 2078 216 2105 mum
250 2067 444 2106 oratione
480 2066 693 2106 accendit:
733 2066 956 2106 Romanos
993 2067 1188 2111 iniustos,
1229 2066 1443 2115 profunda

156 2171 175 2203 3
205 2174 243 2203 ut
267 2171 325 2203 vel
352 2180 383 2203 υ.
404 2171 575 2204 δοΙιηιαΙε
602 2173 637 2203 ιίι
665 2171 759 2203 Berl.
779 2172 874 2203 Phil.
906 2171 1025 2203 Woclr.
1047 2174 1137 2202 1916.
1153 2175 1188 2202 61
1275 2170 1319 2202 23
1347 2170 1442 2202 bello

97 2218 164 2249 NT
191 2218 276 2250 belli
303 2219 380 2250 rell.
471 2219 517 2250 26
542 2213 871 2251 BocchiA²³CBn¹
946 2218 989 2250 27
1005 2216 1104 2257 quia]
1128 2218 1227 2257 quod
1248 2214 1329 2249 ΗΓ
1352 2226 1442 2249 snm

158 2265 202 2297 28
217 2266 331 2297 denas
354 2290 361 2297 .
378 2291 384 2297 .
399 2290 407 2298 .
430 2267 585 2305 amplius
612 2265 711 2298 Serv.
732 2266 818 2298 Aen.
842 2270 868 2303 1,
887 2270 920 2297 71
1015 2265 1060 2298 30
1086 2266 1185 2297 nulla
1211 2260 1257 2296 1²²
1284 2265 1404 2296 nullus
1433 2265 1441 2295 Ι

98 2312 233 2344 nullam
261 2314 337 2345 rell.
358 2314 445 2353 fort.
469 2317 563 2346 recte
