1593 2496
82 226 103 256 Ul

135 57 216 96 150
553 50 593 87 C.
614 50 860 87 SALLUSTI
888 50 1044 88 CRISPI

133 168 206 202 est.
249 163 353 212 quid
382 163 452 203 ille
480 163 536 203 ob
564 163 676 202 bene
704 163 814 202 iacta
841 164 1036 212 cepisset,
1065 164 1222 213 quoius
1249 164 1484 204 sceleribus

130 227 248 261 tanta
278 223 471 271 praemia
496 223 731 262 tribuistis?
757 228 799 261 at
826 222 987 262 scilicet
1015 234 1103 269 eos,
1137 223 1211 272 qui
1238 223 1294 262 ad
1321 228 1483 272 postre-

131 293 250 320 mum
280 293 420 331 usque
447 281 615 331 legatos
643 292 796 330 pacem
825 282 1101 321 concordiam
1131 287 1171 321 et
1197 281 1282 321 alia
1301 281 1483 323 huiusce

130 341 249 380 modi
277 341 570 386 decreverunt,
604 341 784 390 gratiam
812 341 866 380 ab
895 352 947 380 eo
976 342 1208 390 peperisse.
1248 342 1382 381 immo
1411 342 1483 381 de-

130 401 264 448 specti
300 405 339 438 et
367 399 533 449 indigni
566 411 610 439 re
636 400 812 448 publica
838 400 972 439 habiti
1001 400 1189 449 praedae
1216 399 1313 440 loco
1341 406 1482 440 aestu·
1513 409 1531 437 5

130 463 310 504 mantur,
347 460 510 507 quippe
543 463 659 498 metu
687 469 840 507 pacem
874 464 1130 508 repetentes,
1167 470 1255 508 quo
1289 459 1481 499 habitam

130 519 374 557 amiserant.

188 576 398 626 Equidem
426 587 451 615 a
479 577 701 626 principio,
732 588 865 626 quom
893 577 1100 616 Etruriam
1123 578 1357 623 coniurare,
1385 589 1480 627 pro-

128 637 310 685 scriptos
324 637 496 681 accersi,
517 635 818 685 largitionibus
832 647 921 675 rem
937 636 1155 685 publicam
1172 636 1345 676 lacerari
1360 637 1480 677 vide-

128 695 241 741 bam,
263 695 566 734 maturandum
582 695 789 744 putabam
808 700 848 734 et
864 694 1002 735 Catuli
1018 695 1200 735 consilia
1214 707 1312 735 cum
1328 697 1478 745 paucis
1500 704 1534 733 10

128 760 301 793 secutus
324 766 431 794 sum.
460 759 648 794 ceterum
671 754 742 800 illi,
764 755 837 803 qui
859 755 999 804 gentis
1015 754 1229 794 Aemiliae
1244 755 1482 795 benefacta

129 813 395 853 extollebant
416 819 456 853 et
478 813 752 863 ignoscundo
769 813 919 863 populi
936 813 1120 853 Romani
1136 814 1480 864 magnitudinem

128 874 313 917 auxisse,
342 883 558 922 nusquam
589 873 717 912 etiam
746 878 835 912 tum
857 872 1070 922 Lepidum
1098 884 1375 923 progressum
1396 875 1481 913 aie-

127 931 242 977 bant,
263 943 397 981 quom
414 933 579 981 privata
594 943 713 971 arma
729 932 1046 981 opprimundae
1062 932 1266 972 libertatis
1282 934 1481 982 cepisset,

128 991 208 1030 sibi
244 992 432 1040 quisque
466 1002 573 1040 opes
607 997 679 1030 aut
701 992 939 1040 patrocinia
967 992 1222 1040 quaerundo
1251 992 1478 1031 consilium
1502 1000 1536 1028 15

128 1050 348 1098 publicum
383 1056 671 1102 corruperunt.
705 1056 747 1089 at
779 1055 867 1089 tum
903 1056 990 1090 erat
1017 1051 1206 1100 Lepidus
1240 1051 1345 1090 latro
1380 1062 1477 1090 curn

128 1109 354 1149 calonibus
382 1114 422 1148 et
450 1110 598 1158 paucis
627 1110 801 1155 sicariis,
829 1121 1013 1158 quorum
1040 1121 1169 1149 nemo
1198 1110 1351 1149 diurna
1373 1121 1478 1149 mer-

127 1169 233 1208 cede
247 1170 380 1207 vitam
403 1170 647 1213 mutaverit;
669 1180 783 1208 nunc
805 1174 868 1208 est
883 1180 959 1217 pro
977 1169 1155 1208 consule
1172 1180 1268 1208 cum
1285 1170 1479 1218 imperio,

126 1239 214 1267 non
240 1233 386 1280 empto
409 1228 485 1267 sed
508 1228 609 1267 dato
631 1239 655 1267 a
677 1228 815 1273 vobis,
837 1239 933 1267 cum
956 1228 1108 1277 legatis
1130 1228 1273 1267 adhuc
1294 1229 1383 1267 iure
1405 1239 1478 1277 pa-

126 1287 329 1333 rentibus,
347 1287 456 1326 etad
473 1299 571 1326 eum
589 1298 839 1327 concurrere
856 1287 1056 1326 homines
1073 1288 1266 1326 omnium
1279 1287 1478 1327 ordinum
1499 1295 1535 1324 20

128 1347 464 1395 corruptissumi‚
486 1346 716 1396 flagrantes
739 1347 889 1395 inopia
904 1351 945 1385 et
960 1346 1248 1395 cupidinibus,
1269 1346 1479 1386 scelerum

127 1407 394 1445 conscientia
410 1407 625 1455 exagitati,
642 1407 799 1455 quibus
816 1406 940 1454 quies
951 1406 992 1444 in
1004 1405 1303 1452 seditionibus,
1320 1407 1361 1444 in
1372 1417 1479 1455 pace

125 1465 275 1504 turbae
308 1470 417 1504 sunt.
458 1464 500 1503 hi
529 1464 758 1504 tumultum
788 1476 840 1504 ex
870 1464 1067 1511 tumultu,
1096 1464 1256 1504 bellum
1286 1476 1337 1504 ex
1363 1464 1478 1504 bello

125 1529 281 1569 serunt,
308 1523 525 1562 Saturnini
548 1524 664 1569 olim,
686 1529 783 1573 post
806 1523 980 1572 Sulpici,
1003 1524 1102 1563 dein
1125 1524 1230 1563 Mari
1252 1523 1478 1573 Damasip-

126 1584 270 1632 pique,
306 1594 422 1622 nunc
458 1583 609 1632 Lepidi
644 1583 860 1622 satellites.
903 1591 1122 1632 praeterea
1156 1582 1317 1622 Etruria
1349 1588 1534 1632 atque25

126 1653 280 1682 omnes
308 1642 515 1691 reliquiae
542 1641 644 1681 belli
672 1642 882 1687 adrectae,
911 1642 1148 1691 Hispaniae
1169 1643 1296 1681 armis
1323 1642 1479 1682 sollici-

125 1706 205 1747 tae,
233 1701 500 1741 Mithridates
527 1702 567 1740 in
592 1701 722 1741 latere
743 1701 1021 1750 vectigalium
1043 1707 1298 1746 nostrorum,
1319 1701 1477 1750 quibus

124 1760 268 1799 adhuc
286 1765 588 1806 sustentamur,
610 1761 724 1800 diem
741 1760 856 1800 bello
873 1761 1176 1810 circumspicit;
1191 1761 1294 1809 quin
1311 1765 1476 1809 praeter

125 1819 332 1859 idoneum
355 1820 510 1859 ducem
533 1819 637 1858 nihil
659 1820 782 1862 abest
803 1820 857 1858 ad
874 1819 1219 1859 subvortundum
1236 1820 1475 1868 imperium.

124 1879 242 1927 quod
278 1890 359 1928 ego
387 1890 467 1918 vos
503 1890 578 1918 oro
607 1883 737 1928 atque
766 1879 958 1924 obsecro,
993 1883 1134 1927 patres
1161 1879 1402 1927 conscripti,
1429 1883 1474 1917 ut
1494 1886 1529 1914 3ο

122 1938 478 1977 animadvortatis
498 1934 641 1987 ne<u>
653 1939 876 1987 patiamini
893 1938 1108 1977 licentiam
1125 1937 1334 1977 scelerum
1351 1938 1477 1986 quasi

124 1997 287 2036 rabiem
316 1997 369 2036 ad
400 1998 589 2046 integros
618 2002 817 2036 contactu
847 1996 1090 2046 procedere.
1119 2007 1219 2035 nam
1242 1997 1314 2036 ubi
1336 1996 1476 2036 malos

122 2057 314 2104 praemia
336 2061 585 2105 sequontur,
607 2056 723 2095 haud
746 2056 870 2095 facile
892 2056 1122 2105 quisquam
1145 2056 1329 2105 gratuito
1347 2056 1476 2094 bonis

122 2120 197 2154 est.

181 2254 201 2285 4
229 2255 274 2286 ab
302 2263 347 2287 eo
368 2255 479 2294 vulgo
501 2256 621 2287 habeo
650 2255 681 2287 V
755 2256 773 2286 5
802 2259 837 2287 et
858 2255 998 2294 indigni
1021 2264 1093 2293 rep.
1116 2255 1221 2287 Arus.
1242 2263 1398 2294 yramm.
1419 2254 1476 2285 VII

118 2305 191 2340 480,
208 2305 246 2332 19
319 2301 359 2334 31
390 2303 478 2334 add.
502 2301 632 2335 Carrio
