1593 2496
116 69 196 109 158
539 61 579 99 C.
600 62 846 101 SALLUSTI
872 63 1033 101 CRISPI

53 181 94 212 17
112 176 222 215 ratis.
249 186 394 225 neque
415 185 498 224 ego
519 186 600 214 vos
623 175 761 215 ultum
782 176 958 215 iniurias
979 176 1135 221 hortor,
1161 177 1302 227 magis
1322 178 1382 216 uti
1402 188 1466 217 re-

111 236 256 285 quiem
273 235 468 284 cupiatis,
488 245 633 283 neque
654 235 906 281 discordias,
926 236 987 274 uti
1002 235 1062 274 illi
1077 236 1364 282 criminantur,
1385 236 1463 276 sed

111 306 258 334 earum
285 294 417 333 finem
444 293 599 333 volens
628 295 718 334 iure
744 295 939 345 gentium
960 305 1027 334 res
1054 300 1202 344 repeto
1230 300 1282 341 et,
1315 296 1351 335 si
1372 306 1466 345 per·
1523 291 1530 305 '

52 354 302 393 18tinaciter
328 353 585 398 retinebunt,
612 364 701 393 non
727 365 849 393 arma
873 365 1018 403 neque
1039 355 1347 400 secessionem,
1373 359 1464 394 tan-

109 412 337 452 tummodo
370 423 426 451 ne
465 412 652 461 amplius
686 414 946 463 sanguinem
978 418 1173 453 vostrum
1207 414 1463 462 praebeatis,
1488 423 1508 449 5

110 472 312 512 censebo.
334 477 485 521 gerant
498 471 778 521 habeantque
793 483 873 512 suo
890 472 1025 512 modo
1041 473 1233 521 imperia,
1254 478 1464 522 quaerant

108 531 361 580 triumphos,
389 530 692 577 Mithridatem,
725 530 960 571 Sertorium
989 537 1029 571 et
1056 531 1259 581 reliquias
1288 532 1463 571 exulum

109 594 422 640 persequantur
455 601 553 629 cum
580 591 845 640 imaginibus
872 591 979 630 suis:
1012 590 1125 630 absit
1157 591 1396 640 periculum
1423 596 1465 631 et

51 655 93 685 19
109 650 245 696 labos,
273 649 431 698 quibus
459 648 578 687 nulla
599 660 697 699 pars
719 649 878 689 fructus
900 656 981 695 est;
1008 650 1090 689 nisi
1112 649 1218 690 forte
1239 651 1464 699 repentina

108 710 188 748 ista
207 709 485 748 frumentaria
506 708 604 758 lege
619 710 769 748 munia
781 714 931 749 vostra
947 714 1194 758 pensantur.
1216 720 1303 759 qua
1316 714 1462 749 tamen
1484 720 1520 747 10

108 769 250 818 quinis
273 768 431 807 modiis
456 767 697 808 libertatem
720 769 915 808 omnium
937 773 1250 815 aestumavere,
1273 770 1346 818 qui
1367 780 1464 818 pro-

107 828 217 868 iecto
251 838 340 866 non
374 826 562 876 amplius
590 833 775 877 possunt
798 828 1014 867 alimentis
1042 828 1233 868 carceris.
1272 839 1464 878 namque

107 892 152 926 ut
177 887 261 926 illis
284 887 518 936 exiguitate
544 898 661 926 mors
688 887 949 936 prohibetur,
986 892 1219 926 senescunt
1244 888 1369 933 vires,
1403 888 1464 927 sic

108 957 251 996 neque
277 942 522 994 absolvi<t>
549 957 649 986 cura
675 946 872 986 familiari
894 951 980 986 tam
1003 957 1136 995 parva
1162 957 1228 985 res
1255 951 1295 985 et
1316 947 1463 996 ignavi

47 1009 90 1040 20
108 1006 355 1055 quoiusque
367 1006 660 1044 tenuissumas
673 1016 774 1054 spes
787 1005 1017 1045 frustratur.
1030 1016 1143 1054 quae
1155 1011 1301 1045 tamen
1312 1017 1463 1055 quam-
1485 1017 1519 1043 15

107 1066 172 1104 vis
199 1064 347 1114 ampla
374 1065 584 1114 quoniam
606 1065 750 1104 serviti
772 1066 955 1114 pretium
981 1070 1277 1111 ostentaretur,
1304 1066 1464 1114 quoius

107 1123 345 1173 torpedinis
368 1129 456 1163 erat
477 1124 619 1172 decipi
635 1130 675 1163 et
689 1128 931 1164 vostrarum
947 1135 1086 1163 rerum
1101 1123 1210 1164 ultro
1227 1119 1465 1173 iniuria<e>

48 1187 86 1219 21
108 1184 287 1233 gratiam
310 1183 499 1222 debere?
519 1183 741 1223 cavendus
762 1183 890 1223 dolus
912 1188 986 1222 est.
1008 1193 1199 1232 namque
1220 1183 1306 1223 alio
1327 1182 1463 1223 modo

107 1254 251 1292 neque
277 1242 424 1282 valent
445 1243 487 1281 in
513 1243 745 1282 univorsos
767 1253 911 1292 neque
933 1242 1215 1282 conabuntur.
1242 1243 1390 1292 itaque
1410 1243 1464 1281 si-

107 1301 196 1341 mul
218 1306 456 1351 conparant
478 1302 771 1341 delenimenta
793 1306 834 1342 et
854 1301 1055 1341 differunt
1069 1312 1150 1341 vos
1167 1302 1209 1340 in
1225 1301 1462 1341 adventum
1482 1311 1518 1339 zo

108 1360 181 1401 Cn.
208 1361 402 1410 Pompei,
430 1372 561 1410 quem
589 1362 745 1410 ipsum,
772 1361 847 1400 ubi
874 1362 1144 1410 pertimuere,
1172 1360 1391 1400 sublatum
1419 1361 1462 1400 in

47 1425 90 1456 22
108 1421 296 1460 cervices
329 1431 443 1465 suas,
479 1432 581 1460 mox
615 1421 795 1469 dempto
823 1425 941 1459 metu
967 1420 1167 1459 lacerant.
1208 1431 1352 1469 neque
1386 1431 1463 1460 eos

110 1479 254 1529 pudet,
274 1479 472 1519 vindices
495 1481 554 1518 uti
576 1491 623 1519 se
644 1480 783 1519 ferunt
803 1479 1021 1525 libertatis,
1042 1484 1103 1518 tot
1122 1479 1238 1519 viros
1260 1480 1353 1519 sine
1373 1490 1463 1519 uno

107 1544 180 1578 aut
199 1539 413 1578 remittere
438 1539 636 1578 iniuriam
659 1550 748 1578 non
769 1538 931 1578 audere
951 1543 1025 1577 aut
1046 1539 1112 1577 ius
1133 1549 1222 1578 non
1243 1549 1376 1587 posse
1391 1538 1464 1577 de-

47 1603 90 1634 22
107 1598 292 1637 tendere.
328 1598 433 1636 mihi
464 1598 642 1647 quidem
677 1599 780 1638 satis
817 1602 1058 1647 spectatum
1093 1603 1157 1637 est
1188 1597 1459 1646 Pompeium,
1481 1606 1518 1634 z

107 1663 251 1697 tantae
265 1657 429 1707 gloriae
443 1657 781 1702 adulescentem,
802 1657 932 1696 malle
953 1657 1192 1706 principem
1210 1656 1462 1696 volentibus

107 1717 233 1756 vobis
255 1727 352 1756 esse
376 1727 508 1766 quam
530 1717 612 1756 illis
633 1717 946 1756 dominationis
967 1717 1135 1756 socium
1151 1721 1462 1765 auctoremque

49 1781 92 1811 24
110 1777 151 1814 in
173 1776 322 1825 primis
344 1775 434 1816 fore
454 1775 708 1815 tribuniciae
723 1776 961 1825 potestatis.
982 1786 1145 1820 verum,
1167 1774 1366 1821 Quirites,
1387 1786 1462 1813 an-

108 1840 176 1874 tea
197 1835 356 1885 singuli
377 1836 495 1874 cives
517 1836 559 1874 in
581 1835 788 1884 pluribus,
809 1846 897 1874 non
920 1836 962 1873 in
984 1845 1072 1874 uno
1089 1834 1228 1873 cuncti
1244 1834 1462 1883 praesidia

108 1894 346 1934 habebatis.
374 1905 518 1944 neque
545 1894 791 1934 mortalium
819 1895 1051 1944 quisquam
1079 1893 1181 1932 dare
1201 1898 1276 1932 aut
1297 1894 1461 1942 eripere
1480 1902 1516 1930 3ο

107 1953 209 1992 talia
234 1965 347 1993 unus
369 1958 548 2003 poterat.

169 2081 184 2113 1
220 2090 342 2120 neque
363 2106 371 2114 .
387 2106 395 2114 .
411 2105 419 2114 .
440 2083 564 2114 hortor
588 2082 696 2114 Aras.
716 2091 875 2121 gramm.
896 2081 954 2113 Vll
970 2085 1042 2118 477,
1058 2084 1098 2112 17
1158 2089 1229 2120 ego
1262 2090 1334 2113 om.
1353 2080 1461 2113 Aras.

168 2129 207 2161 11
238 2130 358 2168 quinis
385 2130 518 2161 modiis
544 2130 734 2161 Asulanus
761 2129 850 2168 quin
870 2129 903 2160 is
924 2129 1042 2160 modis
1063 2127 1095 2159 V
1171 2128 1213 2160 14
1240 2129 1351 2168 vulgo
1371 2129 1461 2160 add.

168 2177 291 2215 ignavi
330 2178 509 2215 cuiusque
547 2177 782 2208 tenuissimas
820 2184 908 2214 spes
942 2176 1125 2207 frustratur
1158 2175 1368 2208 Gronovius
1406 2176 1461 2215 ig-

108 2232 191 2255 nam
214 2224 396 2262 quiusque
416 2225 652 2255 tenuissimas
673 2222 923 2262 perfrustratur
942 2222 974 2255 V
1026 2222 1067 2254 17
1083 2223 1171 2255 add.
1186 2222 1292 2255 Kritz
1343 2222 1385 2254 18
1400 2231 1463 2255 ca-

107 2270 248 2303 vendus
267 2271 374 2303 dolus
396 2275 451 2302 est
470 2271 576 2303 Aras.
590 2280 748 2310 yramm.
761 2270 820 2302 VII
836 2273 910 2308 488,
924 2273 965 2301 23
1014 2278 1174 2309 namque
1194 2293 1202 2302 .
1218 2293 1227 2302 .
1241 2293 1250 2302 .
1271 2270 1461 2302 conabun-

107 2323 171 2351 tur.
203 2317 389 2350 cavendus
417 2317 522 2350 dolus
549 2322 605 2350 est
629 2317 662 2350 V
687 2320 834 2357 transp.
862 2317 985 2349 Fabri.
