1593 2496
73 48 129 89 28
501 42 541 84 C.
562 42 806 80 SALLUSTI
833 43 990 81 CRISPI

29 161 49 191 5
76 155 188 194 natis
227 143 384 194 animis
424 155 638 204 perditum
677 156 795 195 irent.
840 167 1030 207 namque
1069 158 1243 198 duobus
1283 160 1421 199 senati

77 214 259 254 decretis
292 225 345 254 ex
377 219 496 253 tanta
528 214 802 254 multitudine
829 227 973 265 neque
1000 218 1192 266 praemio
1220 218 1431 258 inductus

72 273 416 314 coniurationem
455 273 715 322 patefecerat
753 286 897 324 neque
936 287 988 315 ex
1028 278 1176 316 castris
1211 276 1421 317 Catilinae

71 333 304 383 quisquam
337 333 534 372 omnium
567 333 839 373 discesserat:
880 339 997 374 tanta
1023 336 1089 374 vis
1122 336 1261 376 morbi
1288 341 1421 386 atque

5 392 131 432 37uti
168 391 290 431 tabes
331 391 562 441 plerosque
596 393 754 432 civium
795 394 964 433 animos
998 395 1225 435 invaserat.
1271 407 1416 446 neque

71 451 214 492 solum
248 450 330 490 illis
362 451 506 491 aliena
535 462 658 491 mens
686 456 786 497 erat,
819 454 892 502 qui
920 454 1082 493 conscii
1110 455 1419 495 coniurationis

71 510 250 555 fuerant,
295 510 373 550 sed
419 511 598 550 omnino
645 516 799 550 cuncta
838 512 989 560 plebes
1029 524 1241 552 novarum
1279 525 1419 554 rerum

24 580 44 612 2
71 569 215 609 studio
250 568 460 609 Catilinae
496 569 668 618 incepta
701 571 923 619 probabat.
962 571 1005 610 id
1039 572 1151 612 adeo
1185 584 1304 613 more
1337 584 1418 612 suo

22 635 46 672 3
71 628 298 668 videbatur
325 628 476 668 facere.
515 639 617 667 nam
645 640 817 678 semper
843 631 885 669 in
913 631 1099 677 civitate,
1126 632 1285 681 quibus
1311 643 1420 681 opes

1452 404 1471 431 5

70 687 216 727 nullae
254 692 366 733 sunt,
411 688 538 727 bonis
577 688 783 734 invident,
828 689 968 729 malos
1008 690 1230 737 extollunt,
1274 695 1421 731 vetera
1440 699 1475 726 10

71 747 215 793 odere,
234 758 351 788 nova
372 751 591 796 exoptant,
617 747 720 787 odio
746 759 920 787 suarum
942 760 1082 788 rerum
1104 750 1257 789 mutari
1274 751 1422 790 omnia

71 806 257 852 student,
296 806 419 846 turba
457 811 588 856 atque
634 806 923 847 seditionibus
969 809 1062 848 sine
1099 820 1200 848 cura
1239 809 1420 855 aluntur,

24 877 45 908 4
71 866 281 915 quoniam
303 870 475 915 egestas
497 865 621 905 facile
645 865 826 906 habetur
847 868 941 906 sine
962 867 1136 908 damno.
1164 868 1241 908 sed
1257 869 1422 908 urbana

23 936 44 967 5
72 925 236 975 plebes,
263 936 315 964 ea
335 935 438 964 vero
462 936 670 974 praeceps
692 930 779 965 erat
800 926 855 965 de
877 926 1022 966 multis
1044 928 1199 966 causis.
1236 928 1421 977 primum

71 985 268 1024 omnium
305 984 379 1033 qui
413 984 577 1033 ubique
611 985 767 1033 probro
795 990 925 1034 atque
953 986 1191 1035 petulantia
1218 998 1421 1026 maxume
1442 995 1476 1022 15

71 1043 361 1093 praestabant,
388 1044 490 1083 item
517 1043 589 1082 alii
612 1055 686 1092 per
708 1044 924 1084 dedecora
945 1046 1215 1094 patrimoniis
1236 1047 1421 1092 amissis,

71 1108 292 1152 postremo
325 1113 480 1143 omnes
514 1114 626 1152 quos
657 1103 867 1153 flagitium
896 1109 969 1143 aut
995 1104 1162 1144 facinus
1189 1105 1323 1145 domo
1352 1116 1422 1145 ex-

23 1173 44 1204 6
71 1162 249 1211 pulerat,
269 1162 297 1200 ii
318 1161 501 1201 Romam
517 1163 627 1201 sicut
642 1163 684 1201 in
700 1163 915 1202 sentinam
931 1163 1239 1204 confluxerant.
1261 1164 1421 1204 deinde

70 1221 193 1261 multi
233 1232 449 1261 memores
482 1220 688 1261 Sullanae
722 1222 940 1268 victoriae,
976 1223 1095 1272 quod
1129 1234 1181 1262 ex
1214 1224 1421 1273 gregariis

70 1280 278 1320 militibus
311 1280 421 1320 alios
448 1285 672 1320 senatores
698 1281 918 1327 videbant,
952 1281 1061 1322 alios
1089 1283 1146 1322 ita
1173 1282 1342 1329 diviteS,
1374 1288 1420 1322 ut
1438 1290 1475 1317 20

71 1341 191 1390 regio
224 1340 340 1379 victu
373 1344 505 1389 atque
533 1340 649 1379 cultu
677 1345 863 1380 aetatem
891 1346 1080 1390 agerent,
1113 1341 1195 1380 sibi
1223 1343 1422 1391 quisque,

25 1409 43 1440 7
71 1400 107 1438 si
141 1400 183 1438 in
216 1400 345 1438 armis
373 1398 491 1444 foret,
525 1410 576 1438 ex
609 1400 788 1439 victoria
820 1400 922 1439 talia
949 1401 1162 1449 sperabat.
1201 1405 1423 1450 praeterea

71 1459 287 1504 iuventus,
305 1468 419 1507 quae
435 1459 477 1497 in
490 1459 605 1508 agris
620 1470 829 1498 manuum
845 1459 1045 1499 mercede
1061 1460 1254 1509 inopiam
1269 1460 1423 1500 tolera-

70 1522 201 1563 verat,
228 1518 404 1567 privatis
431 1522 563 1566 atque
591 1518 775 1567 publicis
802 1518 1104 1568 largitionibus
1133 1520 1272 1559 excita
1298 1519 1421 1559 urba-

70 1589 175 1616 num
210 1577 345 1617 otium
379 1577 547 1626 ingrato
575 1576 712 1617 labori
740 1577 1009 1626 praetulerat.
1049 1589 1125 1618 eos
1152 1583 1283 1628 atque
1310 1578 1421 1618 alios
1440 1585 1476 1612 25

24 1646 45 1677 8
73 1637 216 1676 omnis
249 1635 412 1675 malum
445 1636 668 1685 publicum
696 1636 851 1676 alebat.
890 1648 978 1686 quo
1006 1638 1150 1676 minus
1176 1637 1420 1676 mirandum

73 1700 138 1735 est
170 1695 371 1735 homines
405 1696 585 1745 egentis,
618 1695 743 1735 malis
776 1696 983 1742 moribus,
1015 1707 1220 1736 maxuma
1251 1708 1330 1745 spe
1363 1698 1422 1736 rei

24 1764 45 1795 9
73 1754 274 1804 publicae
307 1755 424 1793 iuxta
456 1765 507 1794 ac
534 1755 615 1794 sibi
644 1755 930 1795 consuluisse.
969 1760 1201 1805 praeterea,
1235 1767 1421 1804 quorum

71 1814 250 1853 victoria
265 1813 411 1853 Sullae
431 1819 631 1862 parentes
647 1815 883 1863 proscripti,
904 1814 1021 1854 bona
1037 1819 1194 1864 erepta,
1216 1815 1282 1854 ius
1299 1815 1422 1854 liber-

134 1965 150 1997 1
179 1974 338 2005 namque
359 1991 366 1997 .
383 1991 390 1997 .
404 1990 412 1997 .
431 1966 585 1998 decretis
621 1965 732 1998 Char.
751 1976 908 2007 yramm.
929 1967 946 1999 Ι
962 1971 1013 2005 22,
1029 1970 1079 1998 18.
1116 1970 1188 2005 539,
1202 1970 1241 1998 12
1338 1976 1422 1998 nam

73 2011 185 2045 Char.
235 2013 353 2045 senati
379 2012 508 2045 PANl
537 2013 648 2046 Char.
668 2017 818 2046 senatus
844 2015 922 2046 rell.
944 2015 1050 2046 codd.
1099 2041 1103 2045 .
1125 2014 1144 2045 5
1171 2014 1223 2045 uti
1321 2015 1422 2045 inva-

72 2062 168 2092 serat
198 2060 293 2092 Fest.
312 2069 350 2100 ρ.
369 2063 443 2099 359,
457 2064 477 2092 4
577 2061 620 2092 10
646 2062 754 2093 bonis
775 2086 783 2093 .
800 2086 807 2093 .
824 2086 831 2093 .
852 2062 1029 2093 extollunt
1053 2061 1149 2093 Don.
1176 2061 1252 2093 Ter.
1273 2062 1422 2093 phorm.

70 2110 133 2140 358
193 2110 230 2139 et
256 2108 371 2139 malos
397 2107 493 2140 Don.
595 2108 636 2140 13
663 2109 837 2147 quoniam
860 2133 867 2140 .
884 2133 891 2141 .
907 2134 914 2141 .
936 2109 1070 2140 damno
1097 2109 1238 2140 Fronto
1265 2106 1424 2146 (Hauler

69 2164 108 2194 ρ.
130 2152 205 2193 168)
234 2155 279 2195 cf.
299 2155 415 2194 Exup.
435 2159 455 2186 2
529 2156 609 2188 sine
637 2155 770 2187 damno
800 2156 882 2188 hab.
903 2156 1042 2187 Fronto
1144 2156 1184 2187 15
1212 2156 1344 2194 probro
1365 2180 1373 2187 .
1389 2180 1397 2187 .
1412 2180 1420 2187 .

73 2203 307 2241 praestabant
332 2201 439 2234 Aras.
459 2212 617 2242 gramm.
635 2202 694 2234 VII
710 2206 782 2241 498,
797 2206 837 2235 28
926 2203 968 2234 16
995 2204 1229 2242 praestabant
1255 2198 1422 2234 A2CBH

76 2245 140 2280 rn
171 2249 278 2282 Aras.
312 2250 520 2288 praestabat
545 2245 798 2282 PA¹NKlsm
893 2251 953 2282 alii
981 2275 987 2281 .
1010 2275 1017 2282 .
1040 2275 1047 2282 .
1074 2252 1218 2282 arnissis
1250 2249 1421 2282 *Sacer-d.

71 2305 228 2335 yramm.
248 2296 290 2329 Vl
324 2300 430 2334 446,3
487 2305 550 2336 per
583 2292 674 2328 A¹m
701 2297 849 2330 Sacerci.
872 2299 999 2336 quiper
1026 2299 1104 2330 rell.
1125 2298 1231 2329 cociti.
