1593 2496
136 86 186 124 14
566 80 605 117 C.
626 81 869 118 SALLUSTI
897 81 1054 118 CRISPI

131 192 227 232 cula
267 192 370 232 vilia
402 193 580 237 habere:
621 198 720 243 post
753 194 826 233 ubi
860 205 1009 234 eorum
1044 194 1204 234 sarnam
1240 200 1371 245 atque
1406 207 1482 245 pu-

83 254 105 287 3
132 251 284 292 dorem
329 252 578 298 adtriverat,
622 253 788 292 maiora
832 252 917 292 alia
962 254 1214 303 imperabat.
1266 255 1301 293 si
1348 266 1481 294 causa

131 311 343 360 peccandi
376 312 419 350 in
454 322 662 360 praesens
695 312 839 351 minus
866 313 1140 362 suppetebat,
1173 313 1310 353 nihilo
1338 315 1482 353 minus

131 370 316 410 insontis
360 371 485 410 sicuti
531 371 669 411 sontis
709 372 1019 411 circumvenire
1059 372 1273 422 iugulare:
1321 372 1481 413 scilicet

129 440 186 469 ne
214 440 288 478 per
315 430 451 470 otium
479 435 771 479 torpescerent
797 441 952 469 manus
980 436 1053 470 aut
1079 432 1262 477 animus,
1293 432 1477 481 gratuito
1516 441 1534 466 5

132 489 278 536 potius
305 488 447 528 malus
475 493 606 538 atque
633 489 819 528 crudelis
848 495 946 529 erat.

83 545 104 576 4
190 547 268 587 His
301 548 452 587 amicis
486 548 706 598 sociisque
740 549 932 588 confisus
967 548 1160 594 Catilina,
1201 549 1327 589 simul
1361 550 1480 599 quod

131 617 206 646 aes
234 607 425 646 alienum
454 618 528 656 per
549 607 693 647 omnis
714 612 846 646 terras
868 609 1023 658 ingens
1046 613 1134 647 erat
1155 613 1195 647 et
1217 609 1336 657 quod
1358 608 1482 658 pleri-

131 677 217 715 que
245 665 411 705 Sullani
440 666 609 711 milites,
644 666 803 716 largius
831 678 911 706 suo
940 668 1019 713 usi,
1053 668 1300 716 rapinarum
1329 673 1370 707 et
1395 669 1481 707 vic-

130 726 266 765 toriae
286 727 444 766 veteris
465 736 681 766 memores
705 725 829 765 civile
851 725 1012 765 bellum
1036 726 1311 775 exoptabant,
1340 727 1481 776 oppri-
1501 735 1535 762 ιο

84 789 105 820 5
132 785 324 824 mundae
358 786 416 825 rei
450 784 652 834 publicae
686 785 915 824 consilium
951 786 1074 834 cepit.
1114 787 1156 824 in
1183 785 1304 825 Italia
1335 785 1479 825 nullus

132 845 357 890 exercitus,
390 843 464 883 Cn.
504 844 740 893 Pompeius
774 845 815 883 in
844 845 1044 884 extremis
1072 845 1191 883 terris
1219 844 1381 884 bellum
1409 856 1481 895 ge-

131 903 268 949 rebat;
296 904 378 952 ipsi
400 903 675 943 consulatum
692 904 853 953 petenti
870 915 1030 953 magna
1047 915 1160 952 spes,
1182 908 1359 943 senatus
1374 904 1479 943 nihil

131 973 239 1002 sane
272 962 479 1002 intentus:
511 966 630 1002 tutae
657 962 1002 1012 tranquillaeque
1030 974 1095 1002 res
1124 974 1289 1009 omnes,
1323 963 1399 1003 sed
1429 974 1481 1002 ea

136 1032 313 1070 prorsus
339 1026 586 1071 opportuna
612 1020 833 1061 Catilinae.
1502 1030 1536 1057 15

75 1074 126 1114 17
190 1080 321 1131 Igitur
358 1081 521 1120 circiter
559 1080 769 1120 kalendas
808 1081 951 1120 Iunias
985 1081 1027 1120 L.
1050 1079 1233 1121 Caesare
1274 1086 1314 1120 et
1349 1080 1391 1121 C.
1415 1081 1479 1120 Fi-

133 1139 237 1190 gulo
266 1140 521 1181 consulibus
543 1141 681 1189 primo
705 1140 902 1189 singulos
924 1140 1163 1189 appellare;
1190 1140 1349 1180 hortari
1370 1139 1480 1180 alios

131 1197 242 1239 alios
280 1203 509 1248 temptare:
547 1210 655 1249 opes
695 1210 809 1245 suas,
846 1200 1085 1249 inparatam
1126 1211 1214 1239 rem
1249 1199 1480 1248 publicam,

84 1256 105 1288 2
132 1269 294 1309 magna
315 1259 508 1308 praemia
529 1259 840 1299 coniurationis
856 1259 1023 1298 docere.
1051 1259 1124 1297 ubi
1141 1259 1244 1298 satis
1260 1259 1480 1308 explorata

132 1322 231 1357 sunt
270 1329 383 1367 quae
422 1318 577 1363 voluit,
616 1319 657 1357 in
698 1330 832 1357 unum
873 1319 1015 1357 omnis
1055 1323 1281 1364 convocat,
1320 1318 1535 1367 quibus20

85 1380 106 1412 3
133 1388 339 1417 maxuma
364 1377 643 1417 necessitudo
673 1382 713 1417 et
740 1376 987 1427 plurumum
1009 1377 1221 1416 audaciae
1242 1378 1388 1416 inerat.
1427 1388 1478 1417 eo

133 1447 378 1477 convenere
405 1437 609 1476 senatorii
638 1437 800 1477 ordinis
828 1436 871 1476 P.
889 1436 1095 1476 Lentulus
1124 1435 1243 1482 Sura,
1270 1436 1313 1477 P.
1327 1435 1480 1476 Autro-

133 1496 244 1541 nius,
270 1496 315 1535 L.
332 1494 510 1536 Cassius
529 1496 765 1546 Longinus,
794 1495 837 1535 C.
853 1495 1083 1545 Cethegus,
1111 1495 1153 1535 P.
1170 1500 1209 1535 et
1231 1494 1318 1535 Ser.
1335 1494 1481 1534 Sullae

133 1553 222 1594 Ser.
243 1555 330 1601 filii,
363 1554 407 1594 L.
429 1555 733 1605 Vargunteius,
767 1554 816 1598 Q.
836 1554 1017 1600 Annius,
1051 1555 1104 1594 Μ.
1127 1555 1302 1594 Porcius
1330 1554 1480 1600 Laeca,

84 1618 106 1649 4
134 1614 176 1653 L.
192 1614 348 1660 Bestia,
370 1614 420 1658 Q.
438 1613 607 1659 Curius,
630 1619 851 1663 praeterea
872 1626 924 1653 ex
940 1615 1126 1663 equestri
1150 1613 1300 1653 ordine
1316 1613 1370 1653 M.
1385 1612 1478 1652 Ful·
1499 1620 1534 1647 25

134 1674 230 1712 vius
264 1673 471 1719 Nobilior,
505 1674 547 1713 L.
569 1672 773 1718 Statilius,
806 1673 847 1712 P.
871 1673 1082 1712 Gabinius
1118 1672 1282 1722 Capito,
1317 1672 1359 1711 C.
1381 1671 1479 1712 Cor-

134 1732 292 1778 nelius;
330 1733 385 1772 ad
426 1733 509 1773 hoc
550 1733 669 1771 multi
704 1744 755 1772 ex
789 1732 972 1772 coloniis
1007 1738 1047 1771 et
1080 1733 1326 1781 municipiis
1361 1731 1478 1771 domi

87 1796 107 1826 5
134 1792 316 1832 nobiles.
352 1797 469 1831 erant
491 1797 712 1841 praeterea
734 1792 979 1840 complures
1002 1791 1131 1840 paulo
1155 1790 1363 1830 occultius
1379 1802 1479 1831 con-

134 1849 201 1889 sili
234 1851 415 1891 huiusce
443 1852 672 1901 participes
700 1851 882 1896 nobiles,
916 1862 1027 1899 quos
1055 1851 1194 1900 magis
1222 1850 1480 1890 dominatio-

134 1910 201 1948 nis
234 1921 335 1959 spes
369 1911 619 1950 hortabatur
645 1922 776 1960 quam
805 1911 953 1959 inopia
980 1915 1051 1948 aut
1079 1909 1163 1948 alia
1190 1909 1478 1948 necessitudo.
1498 1914 1534 1941 30

87 1972 108 2003 6
135 1973 324 2008 ceterum
358 1970 560 2008 iuventus
595 1969 801 2019 pleraque
827 1969 904 2008 sed
933 1980 1136 2008 maxume
1163 1968 1375 2008 nobilium
1404 1967 1480 2007 Ca-

135 2027 282 2067 tilinae
317 2029 498 2077 inceptis
532 2029 722 2068 favebat:
757 2029 915 2077 quibus
950 2029 990 2066 in
1026 2029 1113 2067 otio
1147 2027 1215 2067 vel
1250 2027 1479 2077 magnifice

192 2109 212 2140 4
240 2109 395 2140 insontis
421 2110 526 2141 sicuti
553 2111 669 2141 sontis
695 2110 806 2141 Prob.
827 2111 925 2141 cath.
946 2118 1102 2148 qrammi.
1124 2109 1171 2140 IV
1192 2112 1242 2146 28,
1264 2112 1306 2139 27
1330 2107 1479 2139 Sacertl.

134 2165 289 2196 gramm.
311 2156 352 2187 V!
375 2160 502 2193 479,19
575 2158 738 2196 sortasse
765 2160 800 2188 et
826 2157 1001 2196 iugulare,
1028 2166 1060 2188 υ.
1080 2156 1146 2195 Ay.
1169 2159 1227 2187 179
1315 2155 1334 2185 5
1361 2163 1408 2186 ne
1424 2179 1431 2186 .
1447 2180 1476 2186 ..

135 2206 212 2235 erat
237 2203 328 2243 Any.
350 2205 445 2243 conf.
466 2208 495 2241 2,
507 2208 537 2241 5,
556 2208 590 2235 11
675 2204 717 2236 13
745 2205 882 2243 petenti
909 2203 1016 2234 ACK
1044 2203 1191 2242 petendi
1220 2203 1295 2234 rell.
1371 2201 1417 2233 20
1442 2202 1478 2232 in

135 2259 247 2282 unum
281 2252 401 2282 onmis
433 2254 613 2283 convocat
638 2251 752 2283 Prisc.
772 2260 928 2291 yramm.
948 2250 998 2282 ΙΙΙ
1028 2253 1100 2288 305,
1120 2254 1157 2281 21
1258 2249 1376 2281 omnis
1408 2258 1478 2280 om.

135 2297 250 2330 Prisc.
337 2298 377 2329 21
403 2298 593 2336 plurimum
620 2308 666 2330 m.
692 2302 712 2329 2
731 2298 913 2330 NTDFm
941 2298 1135 2328 maximum
1168 2296 1201 2328 H
1227 2297 1378 2335 primum
1400 2297 1478 2327 rell.

192 2345 237 2376 23
259 2348 293 2376 et
320 2343 408 2383 Ser]
443 2348 478 2375 et
511 2355 578 2376 om.
602 2345 723 2376 13an
822 2345 866 2376 25
900 2345 942 2381 Q.
966 2341 1105 2382 Curius]
1135 2343 1176 2379 Q.
1199 2353 1268 2375 om.
1290 2343 1322 2375 A
1347 2353 1376 2375 s.
1397 2353 1426 2374 s.
1448 2343 1478 2375 N
