1593 2496
148 66 204 106 62
576 59 618 97 C.
642 60 888 97 SALLUSTI
915 60 1072 98 CRISPI

71 170 141 212 .13
212 170 411 213 Ceterum
449 172 566 213 larua
603 173 708 212 tanti
747 173 949 214 facinoris
987 184 1063 224 per
1099 185 1274 214 omnem
1309 174 1496 214 Africam

146 231 267 272 brevi
301 232 559 284 divolgatur.
603 231 898 273 Adherbalem
932 234 1176 283 omnisque,
1209 234 1282 284 qui
1313 234 1394 274 sub
1420 235 1497 274 im'-

146 292 267 341 perio
294 291 504 341 Micipsae
536 291 716 338 fuerant,
749 296 890 332 metus
923 292 1100 333 invadit.
1146 293 1188 332 in
1222 293 1332 333 duas
1365 295 1496 343 partis

146 350 378 391 discedunt
396 350 630 391 Numidae:
659 351 802 400 plures
823 351 1117 392 Adherbalem
1141 356 1392 402 sequontur,
1417 353 1495 393 sed

98 411 120 444 2
145 409 267 450 illum
282 409 463 450 alterum
478 409 594 451 bello
610 410 823 451 meliores.
845 411 972 462 igitur
985 410 1189 461 Iugurtha
1204 422 1335 461 quam
1348 422 1496 452 maxu-
1527 420 1545 446 5

145 480 240 509 mas
261 473 405 519 potest
425 470 575 519 copias
596 474 744 517 armat,
765 470 881 510 urbis
903 471 1057 520 partim
1078 471 1119 510 vi
1142 469 1248 510 alias
1269 470 1495 511 voluntate

145 529 328 578 imperio
361 540 442 569 suo
469 528 679 579 adiungit,
712 530 831 569 omni
858 529 1091 569 Numidiae
1119 530 1330 580 imperare
1362 535 1495 580 parat.

93 589 119 623 3
143 586 365 628 Adherbal
393 588 563 639 tametsi
584 587 768 628 Romam
796 588 966 639 legatos
987 590 1172 635 miserat,
1201 590 1273 638 qui
1294 594 1493 629 senatum

144 646 352 687 docerent
378 636 432 687 de
460 637 595 688 caede
622 647 757 687 fratris
785 652 826 687 et
853 648 1033 688 fortunis
1061 649 1163 695 suis,
1191 652 1336 688 tamen
1364 648 1494 689 fretus

95 708 117 741 4
144 706 422 747 multitudine
449 707 632 746 militum
655 707 836 756 parabat
855 708 985 747 armis
1007 707 1282 748 contendere.
1321 708 1399 748 sed
1420 708 1494 748 ubi
1515 714 1548 741 10

144 776 211 805 res
232 765 288 805 ad
310 771 526 806 certamen
548 767 678 812 venit,
702 767 842 806 victus
864 778 916 806 ex
937 767 1103 816 proelio
1127 766 1314 816 profugit
1336 768 1378 806 in
1399 779 1494 817 pro-

92 827 120 860 5
145 826 333 865 vinciam
356 837 406 865 ac
427 826 587 866 deinde
608 825 790 866 Romam
813 826 1046 867 contendit.
1085 830 1173 865 tum
1197 825 1401 876 Iugurtha
1421 838 1494 876 pa-

144 884 264 925 tratis
291 884 495 935 consiliis,
525 890 760 935 postquam
789 886 908 925 omni
935 885 1139 925 Numidia
1168 885 1424 934 potiebatur,
1451 887 1492 925 in

145 944 235 984 otio
257 943 424 984 facinus
444 956 572 985 suom
595 956 692 984 cum
714 945 861 984 animo
883 949 1089 994 reputans
1110 945 1259 985 timere
1280 944 1493 994 populum

143 1001 390 1043 Romanum
411 1014 556 1053 neque
576 1003 790 1043 advorsus
806 1005 911 1044 iram
927 1005 1020 1043 eius
1035 1015 1221 1054 usquam
1237 1004 1319 1044 nisi
1335 1004 1377 1043 in
1393 1014 1493 1044 ava·
1514 1009 1548 1036 15

93 1064 118 1097 6
143 1062 238 1102 ritia
259 1062 496 1104 nobilitatis
518 1067 558 1103 et
579 1064 766 1113 pecunia
785 1074 865 1103 sua
885 1074 1009 1112 spem
1025 1063 1197 1103 habere.
1226 1064 1372 1113 itaque
1386 1073 1492 1113 pau-

141 1121 204 1161 cis
232 1121 386 1162 diebus
413 1134 512 1162 curn
539 1134 644 1163 auro
673 1127 714 1161 et
740 1127 919 1172 argento
949 1122 1084 1163 multo
1112 1122 1295 1162 Romam
1323 1122 1491 1173 legatos

143 1181 281 1228 mittit,
307 1183 404 1232 quis
432 1182 651 1231 praecipit,
678 1182 863 1231 primum
886 1183 945 1221 uti
967 1187 1134 1222 veteres
1157 1183 1321 1222 amicos
1343 1193 1492 1221 mune-

142 1240 260 1280 ribus
281 1240 495 1291 expleant,
516 1241 675 1281 deinde
696 1252 838 1281 novos
860 1241 1100 1291 adquirant,
1122 1245 1342 1291 postremo
1361 1252 1492 1291 quae-

94 1303 114 1333 ‘27
143 1311 331 1350 cumque
352 1301 521 1350 possint
535 1300 763 1351 largiundo
786 1311 935 1350 parare
956 1312 1010 1340 ne
1029 1305 1292 1340 cunctentur.
1325 1300 1401 1340 sed
1417 1301 1491 1340 ubi
1511 1305 1546 1332 20
1584 1313 1586 1315 “

142 1358 325 1399 Romam
354 1359 484 1410 legati
512 1370 671 1400 venere
699 1365 741 1400 et
767 1371 820 1399 ex
848 1364 1079 1410 praecepto
1107 1360 1220 1410 regis
1248 1360 1492 1409 hospitibus

143 1418 339 1468 aliisque,
361 1430 546 1469 quorum
567 1429 620 1459 ea
640 1423 899 1469 tempestate
921 1420 963 1458 in
981 1422 1135 1458 senatu
1152 1419 1385 1459 auctoritas
1400 1419 1492 1468 pol-

143 1476 271 1524 lebat,
297 1489 460 1529 magna
481 1489 661 1518 munera
682 1479 850 1525 misere,
877 1483 995 1518 tanta
1016 1478 1284 1519 conmutatio
1306 1470 1491 1524 incessit,

144 1541 189 1576 ut
216 1548 268 1577 ex
297 1548 503 1577 maxuma
523 1537 687 1577 invidia
709 1539 752 1576 in
774 1539 955 1588 gratiam
977 1542 1018 1577 et
1039 1538 1233 1578 favorem
1254 1537 1491 1578 nobilitatis

94 1600 116 1631 8
142 1595 346 1647 Iugurtha
371 1597 548 1637 veniret.
582 1608 766 1647 quorum
788 1608 886 1646 pars
908 1608 998 1646 spe,
1019 1597 1091 1636 alii
1113 1597 1306 1646 praemio
1328 1596 1490 1636 inducti
1510 1599 1544 1627 25

142 1655 341 1706 singulos
370 1667 422 1696 ex
448 1661 604 1696 senatu
630 1656 872 1696 ambiundo
894 1657 1150 1702 nitebantur,
1178 1667 1231 1695 ne
1252 1655 1426 1705 gravius
1448 1656 1490 1694 in

95 1718 117 1751 9
144 1725 243 1755 eum
272 1715 577 1756 consuleretur.
617 1716 744 1765 igitur
769 1715 842 1754 ubi
869 1715 999 1766 legati
1027 1716 1130 1755 satis
1158 1715 1393 1761 confidunt,
1421 1714 1491 1755 die

144 1775 378 1815 constituto
400 1779 578 1815 senatus
601 1776 793 1824 utrisque
814 1774 948 1815 datur.
982 1779 1072 1814 tum
1092 1774 1385 1814 Adherbalem
1407 1774 1490 1814 hoc

144 1834 279 1875 modo
306 1833 498 1874 locutum
525 1835 792 1883 accepimus:

84 1893 136 1932 14
207 1888 367 1934 ‘Patres
394 1894 636 1943 conscripti,
669 1893 852 1942 Micipsa
878 1897 997 1942 pater
1024 1904 1146 1932 meus
1174 1893 1363 1932 moriens
1384 1892 1488 1931 mihi
1508 1895 1543 1949 39

145 1953 375 2002 praecepit,
404 1954 465 1992 uti
491 1953 611 2003 regni
638 1952 870 1992 Numidiae
897 1951 1200 1992 tantummodo
1229 1952 1490 2000 procuratio·
1534 1949 1537 1953 ’

144 2022 245 2050 nem
273 2012 578 2051 existumarem
606 2022 761 2057 meam,
788 2016 977 2051 ceterum
998 2012 1064 2050 ius
1086 2015 1127 2050 et
1148 2011 1375 2060 imperium
1397 2011 1488 2050 eius

192 2127 213 2159 2
233 2124 494 2168 di(e)vulgatur
513 2128 666 2160 Xlsnm
687 2125 997 2167 di(e)vulgabatur
1017 2129 1094 2159 rell.
1163 2127 1184 2159 9
1199 2127 1308 2160 iretus
1329 2151 1338 2159 .
1351 2150 1381 2160 ..
1402 2135 1488 2159 con-

144 2175 294 2208 tendere
326 2175 420 2208 Non.
444 2186 482 2216 ρ.
502 2179 574 2215 259,
589 2179 630 2207 16
732 2175 772 2207 11
808 2184 853 2208 ex
885 2175 1024 2214 proelio
1046 2199 1054 2206 .
1071 2199 1077 2206 .
1093 2198 1100 2207 .
1123 2175 1311 2207 contendit
1338 2174 1432 2206 Non.
1450 2184 1487 2214 ρ.

142 2224 215 2261 260,
231 2226 271 2254 17
318 2222 409 2263 fugit
430 2223 525 2256 Non.
601 2223 644 2255 12
671 2222 893 2255 contendere
919 2222 1012 2254 Non.
1089 2222 1131 2254 13
1158 2223 1277 2253 omnis
1303 2221 1488 2253 numidiae

143 2264 226 2301 P¹B
254 2270 353 2302 omni
380 2271 552 2303 numidae
577 2270 607 2301 K
635 2271 732 2302 omni
761 2269 946 2302 numidiae
972 2264 1053 2301 0²1¹
1132 2269 1174 2300 17
1202 2269 1377 2308 praecipit
1403 2263 1488 2299 A²c

144 2316 264 2349 BNln
291 2318 569 2357 praecepitrell.
