1593 2496
394 69 598 105 BELLUM
627 68 990 106 IUGURTHINUM
1021 74 1135 106 7—10
1382 76 1439 117 59

86 184 238 223 merita
258 193 338 222 sua
359 193 482 222 carus
505 186 589 228 est;
611 186 655 221 ut
676 182 791 221 idem
814 183 982 222 senatui
1000 186 1040 222 et
1056 182 1223 232 populo
1237 181 1438 224 Romano

85 243 150 288 sit,
184 253 354 282 summa
388 252 473 291 ope
506 242 702 282 nitemur.
746 241 821 281 tibi
849 241 1027 292 quidem
1056 252 1132 291 pro
1159 245 1306 282 nostra
1332 244 1438 282 ami-

85 302 184 341 citia
204 300 404 352 gratulor.
439 311 491 340 en
514 300 650 340 habes
670 301 809 340 virum
832 300 1011 351 dignum
1034 305 1076 341 te
1096 304 1228 351 atque
1248 312 1333 341 avo
1355 312 1436 341 suo

85 356 343 400 Masinissa.'

41 432 59 458 5
143 419 274 470 Igitur
301 430 383 466 rex,
418 420 490 459 ubi
519 430 570 459 ea
597 430 712 470 quae
733 419 848 459 fama
868 426 1095 469 acceperat
1116 430 1167 460 ex
1190 419 1338 460 litteris
1360 420 1436 459 im·
1461 423 1484 457 3

85 480 292 528 peratoris
313 480 371 519 ita
393 490 490 519 esse
512 479 729 529 cognovit,
756 490 890 528 quom
911 480 1068 520 virtute
1087 483 1178 518 tum
1199 480 1337 529 gratia
1356 479 1435 519 viri

86 543 305 587 permotus
340 538 456 579 flexit
488 539 682 578 animum
711 550 837 578 suom
866 544 907 579 et
933 538 1182 589 Iugurtham
1210 538 1435 578 beneficiis

83 598 256 638 vincere
282 609 515 649 aggressus
538 602 602 638 est
623 599 856 648 statimque
878 610 976 638 eum
999 597 1225 648 adoptavit
1246 602 1287 638 et
1307 602 1434 638 testa-

85 661 231 697 mento
261 658 415 707 pariter
442 669 539 697 cum
567 657 665 697 filiis
692 657 898 697 heredem
926 658 1117 698 instituit.

32 729 64 756 ιο
144 716 231 757 Sed
258 718 352 766 ipse
373 728 540 767 paucos
562 722 660 767 post
681 728 821 757 annos
842 717 997 757 morbo
1018 721 1150 766 atque
1170 721 1313 757 aetate
1335 728 1436 757 con-
1461 723 1483 755 4

84 775 220 816 fectus
248 787 382 826 quom
410 776 491 816 sibi
512 777 644 817 finem
665 777 782 816 vitae
803 776 960 816 adesse
981 776 1261 827 intellegeret,
1288 787 1434 816 coram

83 836 233 875 amicis
273 840 313 876 et
353 837 550 887 cognatis
589 836 781 886 itemque
819 835 1069 876 Adherbale
1107 840 1147 876 et
1180 835 1435 885 Hiempsale

83 894 181 934 liliis
203 895 355 935 dicitur
374 895 556 936 huiusce
576 895 696 936 modi
717 895 850 935 verba
872 907 969 935 cum
991 895 1194 946 Iugurtha
1208 895 1433 935 habuisse:

143 948 342 995 ‘Parvom
365 966 447 1005 ego
470 960 523 1002 te,
543 954 758 1005 Iugurtha,
779 955 944 995 amisso
966 960 1096 1004 patre,
1118 955 1212 995 sine
1227 966 1317 1005 spe,
1339 956 1434 995 sine
1448 951 1500 992 10

30 1027 62 1055 15
83 1013 242 1063 opibus
264 1015 306 1053 in
328 1025 473 1054 meum
498 1025 677 1064 regnum
699 1015 861 1063 accepi,
889 1015 1157 1054 existumans
1178 1025 1267 1054 non
1288 1015 1433 1054 minus

83 1083 152 1112 me
178 1073 255 1113 tibi
283 1084 414 1123 quam
440 1073 597 1120 liberis,
624 1074 659 1113 si
679 1074 945 1123 genuissem,
972 1073 1029 1114 ob
1051 1073 1265 1114 beneficia
1286 1084 1433 1113 carum

82 1131 184 1172 fore.
232 1144 375 1182 neque
413 1144 464 1172 ea
499 1144 566 1173 res
604 1133 761 1173 falsum
796 1144 868 1173 me
904 1133 1067 1174 habuit.
1115 1144 1230 1180 nam,
1264 1137 1312 1173 ut
1346 1133 1433 1173 alia
1460 1143 1481 1176 2

82 1202 243 1242 magna
271 1196 310 1231 et
338 1193 513 1243 egregia
539 1197 613 1232 tua
640 1193 848 1239 omittam,
876 1193 1132 1233 novissume
1153 1193 1325 1232 rediens
1346 1191 1432 1232 Nu-

82 1252 246 1290 mantia
266 1262 425 1301 meque
446 1263 719 1302 regnumque
739 1263 886 1291 meum
908 1252 1045 1302 gloria
1061 1251 1329 1293 honoravisti
1341 1256 1433 1292 tua-

27 1323 62 1351 20
81 1321 167 1360 que
199 1311 354 1350 virtute
381 1311 509 1351 nobis
535 1310 758 1351 Romanos
785 1322 837 1351 ex
864 1311 1016 1351 amicis
1042 1312 1348 1352 amicissumos
1375 1311 1433 1351 ie-

81 1369 187 1409 cisti.
227 1371 270 1409 in
292 1369 504 1420 Hispania
530 1382 692 1411 nomen
714 1370 904 1410 familiae
925 1375 1181 1411 renovatum
1204 1375 1279 1411 est.
1317 1375 1433 1420 post-

81 1439 213 1475 remo,
240 1429 359 1478 quod
387 1429 702 1469 difficillumum
724 1431 833 1469 inter
851 1429 1044 1470 mortalis
1065 1434 1141 1477 est,
1168 1429 1305 1480 gloria
1326 1430 1433 1469 invi-

81 1487 198 1527 diam
225 1489 375 1529 vicisti.

140 1547 276 1594 Nunc,
298 1549 507 1598 quoniam
528 1548 633 1588 mihi
654 1553 807 1588 natura
827 1549 959 1589 finem
971 1550 1086 1589 vitae
1102 1549 1212 1595 facit,
1233 1549 1432 1598 perhanc
1459 1551 1479 1583 3

25 1620 61 1647 25
81 1606 313 1653 dexteram,
336 1618 410 1656 per
431 1608 550 1658 regni
573 1607 703 1648 iidem
720 1619 881 1648 moneo
897 1608 1244 1658 obtestorquete,
1265 1607 1431 1655 utihoS,

80 1666 154 1715 qui
186 1666 262 1705 tibi
295 1677 455 1716 genere
489 1667 734 1717 propinqui,
766 1667 984 1708 beneficio
1017 1678 1117 1708 meo
1144 1667 1292 1708 iratres
1320 1672 1431 1715 sunt,

80 1735 203 1765 caros
240 1725 405 1765 habeas
438 1737 525 1766 neu
557 1726 682 1766 malis
712 1726 880 1767 alienos
907 1727 1145 1777 adiungere
1173 1738 1305 1777 quam
1332 1737 1430 1767 san-

78 1785 210 1833 guine
238 1786 494 1826 coniunctos
518 1786 709 1826 retinere.
748 1798 837 1826 non
854 1787 1066 1826 exercitus
1081 1797 1225 1835 neque
1239 1786 1429 1826 thesauri
1456 1780 1478 1813 4

141 1901 155 1932 1
191 1905 227 1934 et
259 1899 411 1941 populo]
443 1902 659 1941 populoque
685 1901 880 1934 ACNMm
977 1903 997 1935 3
1024 1911 1071 1935 en
1092 1912 1163 1935 om.
1183 1903 1270 1935 VPI
1297 1913 1326 1936 s.
1346 1913 1376 1936 s.
1397 1904 1430 1936 Α

140 1948 183 1980 14
203 1957 352 1988 parvom
367 1972 376 1981 .
391 1972 401 1981 .
414 1972 424 1981 .
437 1949 609 1989 Iugurtha
628 1949 725 1982 Don.
742 1949 821 1983 Ter.
833 1951 949 1983 Andr.
961 1953 1002 1982 35
1065 1959 1214 1989 parvom
1230 1973 1239 1983 .
1253 1974 1263 1983 .
1278 1973 1287 1983 .
1301 1953 1431 1991 accepi

77 1996 269 2036 Euyraplt.
292 1996 370 2029 Ter.
384 1997 499 2029 Andr.
523 2001 565 2028 35
591 2006 662 2036 ego
688 2000 725 2030 te
744 1997 821 2037 lug.
841 1997 1102 2030 VNMTan
1122 1997 1218 2030 Don-
1238 1998 1430 2039 Euyraph.

77 2052 149 2083 ego
176 2042 252 2083 lug.
277 2046 313 2075 te
338 2045 416 2076 rell.
444 2045 552 2077 codd.
627 2047 663 2077 et
687 2045 769 2077 sine
794 2054 861 2084 spe
887 2048 923 2077 et
947 2045 1139 2085 Euqraplz.
1239 2045 1281 2077 15
1307 2054 1429 2078 meum

77 2099 229 2130 regnum
253 2092 422 2131 plerique
447 2093 555 2124 codd.
573 2091 766 2132 Enyraph.
791 2101 943 2132 regnum
971 2101 1091 2125 meum
1118 2091 1225 2125 vPD
1298 2094 1430 2132 excepi

77 2138 268 2178 Enymplz.
345 2138 385 2170 17
407 2147 530 2178 neque
551 2163 559 2170 .
575 2162 583 2171 .
599 2162 608 2171 .
628 2139 754 2171 habuit
776 2139 904 2180 Quint.
925 2140 1013 2172 inst.
1026 2143 1097 2180 9,3,
1107 2143 1147 2172 12
1164 2139 1260 2172 Non.
1277 2150 1316 2181 ρ.
1331 2143 1432 2180 110‚6

138 2193 196 2218 me
222 2185 351 2217 falsum
378 2185 473 2218 Non.
550 2186 592 2218 19
619 2184 875 2227 (monetavisti
895 2181 1080 2219 VN¹T²m
1154 2187 1199 2219 22
1219 2188 1336 2227 gloria
1355 2189 1428 2220 inv.

76 2232 146 2264 vic.
165 2232 304 2273 Por-ph.
324 2232 415 2265 Hor.
436 2242 550 2265 carm.
569 2238 599 2273 4,
613 2236 634 2265 3
648 2237 688 2266 16
706 2233 829 2266 Schol.
848 2234 939 2266 Hor.
954 2243 1068 2267 carm.
1082 2237 1202 2276 4‚3,16
1266 2235 1311 2267 24
1330 2235 1431 2268 vitae

75 2278 189 2312 finem
209 2279 242 2313 V
291 2279 335 2312 28
356 2289 431 2313 non
452 2304 461 2312 .
476 2304 507 2313 ..
529 2289 646 2320 queas
663 2281 854 2322 Euyraph.
879 2281 955 2314 Ter.
976 2282 1042 2314 Aa.
1065 2285 1103 2314 65
1172 2290 1246 2315 non
1267 2282 1429 2315 thesauri

78 2334 200 2365 neque
226 2335 282 2359 ex.
308 2327 499 2368 Euyraph.
550 2325 733 2370 theijsauri
758 2328 790 2361 V

1169 2386 1216 2421 5*
