<?xml version="1.0" encoding="UTF-8"?>
<!DOCTYPE html PUBLIC "-//W3C//DTD XHTML 1.0 Transitional//EN"
    "http://www.w3.org/TR/xhtml1/DTD/xhtml1-transitional.dtd">
<html xmlns="http://www.w3.org/1999/xhtml" xml:lang="en" lang="en">
 <head>
  <title>
</title>
<meta http-equiv="Content-Type" content="text/html;charset=utf-8" />
  <meta name='ocr-system' content='tesseract 3.04.00' />
  <meta name='ocr-capabilities' content='ocr_page ocr_carea ocr_par ocr_line ocrx_word'/>
</head>
<body>
  <div class='ocr_page' id='page_1' title='image "./catilinaiugurtha00salluoft_0082.png"; bbox 0 0 1593 2496; ppageno 0'>
   <div class='ocr_carea' id='block_1_1' title="bbox 113 82 1038 129">
    <p class='ocr_par' dir='ltr' id='par_1_1' title="bbox 113 82 1038 129">
     <span class='ocr_line' id='line_1_1' title="bbox 113 82 1038 129; baseline 0 -9"><span class='ocrx_word' id='word_1_1' title='bbox 113 90 169 129; x_wconf 89' lang='lat'>70</span> <span class='ocrx_word' id='word_1_2' title='bbox 547 82 587 120; x_wconf 85' lang='lat' dir='ltr'>e.</span> <span class='ocrx_word' id='word_1_3' title='bbox 608 83 851 121; x_wconf 77' lang='lat' dir='ltr'>SALLusri</span> <span class='ocrx_word' id='word_1_4' title='bbox 879 83 1038 121; x_wconf 69' lang='lat' dir='ltr'>caism</span> 
     </span>
    </p>
   </div>
   <div class='ocr_carea' id='block_1_2' title="bbox 64 195 1519 1135">
    <p class='ocr_par' dir='ltr' id='par_1_2' title="bbox 112 195 1465 364">
     <span class='ocr_line' id='line_1_2' title="bbox 112 195 1463 247; baseline 0.001 -12"><span class='ocrx_word' id='word_1_5' title='bbox 112 207 324 236; x_wconf 88' lang='lat' dir='ltr'>novarum</span> <span class='ocrx_word' id='word_1_6' title='bbox 341 208 480 237; x_wconf 90' lang='lat' dir='ltr'>rerum</span> <span class='ocrx_word' id='word_1_7' title='bbox 496 195 648 242; x_wconf 90' lang='lat' dir='ltr'>avidis,</span> <span class='ocrx_word' id='word_1_8' title='bbox 668 195 929 245; x_wconf 82' lang='lat' dir='ltr'><strong>Hipponem,</strong></span> <span class='ocrx_word' id='word_1_9' title='bbox 945 195 1273 244; x_wconf 83' lang='lat' dir='ltr'><strong>Hadrumetum,</strong></span> <span class='ocrx_word' id='word_1_10' title='bbox 1287 196 1463 247; x_wconf 82' lang='lat' dir='ltr'>Lepcim</span> 
     </span>
     <span class='ocr_line' id='line_1_3' title="bbox 113 255 1464 306; baseline 0.001 -12"><span class='ocrx_word' id='word_1_11' title='bbox 113 255 311 305; x_wconf 84' lang='lat' dir='ltr'>aliasque</span> <span class='ocrx_word' id='word_1_12' title='bbox 331 256 448 296; x_wconf 90' lang='lat' dir='ltr'>urbis</span> <span class='ocrx_word' id='word_1_13' title='bbox 469 256 511 295; x_wconf 91' lang='lat' dir='ltr'>in</span> <span class='ocrx_word' id='word_1_14' title='bbox 534 266 609 295; x_wconf 92' lang='lat' dir='ltr'>ora</span> <span class='ocrx_word' id='word_1_15' title='bbox 629 256 857 294; x_wconf 90' lang='lat' dir='ltr'>marituma</span> <span class='ocrx_word' id='word_1_16' title='bbox 879 255 1131 302; x_wconf 89' lang='lat' dir='ltr'>condidere;</span> <span class='ocrx_word' id='word_1_17' title='bbox 1155 267 1323 306; x_wconf 88' lang='lat' dir='ltr'>eaeque</span> <span class='ocrx_word' id='word_1_18' title='bbox 1343 256 1464 297; x_wconf 89' lang='lat' dir='ltr'>brevi</span> 
     </span>
     <span class='ocr_line' id='line_1_4' title="bbox 112 314 1465 364; baseline 0.001 -10"><span class='ocrx_word' id='word_1_19' title='bbox 112 314 297 354; x_wconf 90' lang='lat' dir='ltr'>multum</span> <span class='ocrx_word' id='word_1_20' title='bbox 339 319 504 361; x_wconf 89' lang='lat' dir='ltr'>auctae,</span> <span class='ocrx_word' id='word_1_21' title='bbox 544 325 643 364; x_wconf 89' lang='lat' dir='ltr'>pars</span> <span class='ocrx_word' id='word_1_22' title='bbox 682 314 921 364; x_wconf 84' lang='lat' dir='ltr'>originibus</span> <span class='ocrx_word' id='word_1_23' title='bbox 957 315 1047 354; x_wconf 92' lang='lat' dir='ltr'>suis</span> <span class='ocrx_word' id='word_1_24' title='bbox 1083 315 1312 364; x_wconf 86' lang='lat' dir='ltr'>praesidio,</span> <span class='ocrx_word' id='word_1_25' title='bbox 1352 315 1465 356; x_wconf 86' lang='lat' dir='ltr'>aliae</span> 
     </span>
    </p>

    <p class='ocr_par' dir='ltr' id='par_1_3' title="bbox 65 372 1513 532">
     <span class='ocr_line' id='line_1_5' title="bbox 65 372 1464 424; baseline 0.001 -10"><span class='ocrx_word' id='word_1_26' title='bbox 65 377 88 409; x_wconf 86' lang='grc'>2</span> <span class='ocrx_word' id='word_1_27' title='bbox 115 374 259 414; x_wconf 88' lang='lat' dir='ltr'>decori</span> <span class='ocrx_word' id='word_1_28' title='bbox 299 374 428 414; x_wconf 80' lang='lat' dir='ltr'>fuere.</span> <span class='ocrx_word' id='word_1_29' title='bbox 479 384 581 413; x_wconf 93' lang='lat' dir='ltr'>nam</span> <span class='ocrx_word' id='word_1_30' title='bbox 621 373 676 413; x_wconf 92' lang='lat' dir='ltr'>de</span> <span class='ocrx_word' id='word_1_31' title='bbox 712 372 971 424; x_wconf 80' lang='lat' dir='ltr'>Carthagine</span> <span class='ocrx_word' id='word_1_32' title='bbox 1008 373 1132 414; x_wconf 90' lang='lat' dir='ltr'>silere</span> <span class='ocrx_word' id='word_1_33' title='bbox 1166 373 1322 414; x_wconf 91' lang='lat' dir='ltr'>melius</span> <span class='ocrx_word' id='word_1_34' title='bbox 1358 379 1464 424; x_wconf 89' lang='lat' dir='ltr'>puto</span> 
     </span>
     <span class='ocr_line' id='line_1_6' title="bbox 114 433 1513 483; baseline -0.001 -11"><span class='ocrx_word' id='word_1_35' title='bbox 114 444 245 483; x_wconf 88' lang='lat' dir='ltr'>quam</span> <span class='ocrx_word' id='word_1_36' title='bbox 283 444 435 482; x_wconf 90' lang='lat' dir='ltr'>parum</span> <span class='ocrx_word' id='word_1_37' title='bbox 472 433 626 478; x_wconf 85' lang='lat' dir='ltr'>dicere,</span> <span class='ocrx_word' id='word_1_38' title='bbox 663 433 870 482; x_wconf 88' lang='lat' dir='ltr'>quoniam</span> <span class='ocrx_word' id='word_1_39' title='bbox 907 433 993 473; x_wconf 90' lang='lat' dir='ltr'>alio</span> <span class='ocrx_word' id='word_1_40' title='bbox 1028 444 1258 483; x_wconf 90' lang='lat' dir='ltr'>properare</span> <span class='ocrx_word' id='word_1_41' title='bbox 1291 438 1464 483; x_wconf 88' lang='lat' dir='ltr'>tempus</span> <span class='ocrx_word' id='word_1_42' title='bbox 1494 441 1513 469; x_wconf 86' lang='lat'>5</span> 
     </span>
     <span class='ocr_line' id='line_1_7' title="bbox 113 496 274 532; baseline 0.006 -1"><span class='ocrx_word' id='word_1_43' title='bbox 113 496 274 532; x_wconf 88' lang='lat' dir='ltr'>monet.</span> 
     </span>
    </p>

    <p class='ocr_par' dir='ltr' id='par_1_4' title="bbox 67 550 1518 838">
     <span class='ocr_line' id='line_1_8' title="bbox 67 550 1464 601; baseline 0.001 -11"><span class='ocrx_word' id='word_1_44' title='bbox 67 554 89 586; x_wconf 84' lang='lat'><strong>3</strong></span> <span class='ocrx_word' id='word_1_45' title='bbox 175 551 303 601; x_wconf 82' lang='lat' dir='ltr'>Igitur</span> <span class='ocrx_word' id='word_1_46' title='bbox 324 552 379 591; x_wconf 93' lang='lat' dir='ltr'>ad</span> <span class='ocrx_word' id='word_1_47' title='bbox 402 551 733 599; x_wconf 83' lang='lat' dir='ltr'>Catabathmon,</span> <span class='ocrx_word' id='word_1_48' title='bbox 754 552 826 601; x_wconf 88' lang='lat' dir='ltr'>qui</span> <span class='ocrx_word' id='word_1_49' title='bbox 848 551 970 592; x_wconf 88' lang='lat' dir='ltr'>locus</span> <span class='ocrx_word' id='word_1_50' title='bbox 984 550 1234 601; x_wconf 87' lang='lat' dir='ltr'>Aegyptum</span> <span class='ocrx_word' id='word_1_51' title='bbox 1253 552 1308 591; x_wconf 91' lang='lat' dir='ltr'>ab</span> <span class='ocrx_word' id='word_1_52' title='bbox 1322 551 1464 592; x_wconf 86' lang='lat' dir='ltr'>Africa</span> 
     </span>
     <span class='ocr_line' id='line_1_9' title="bbox 114 610 1465 661; baseline 0.001 -12"><span class='ocrx_word' id='word_1_53' title='bbox 114 610 279 657; x_wconf 87' lang='lat' dir='ltr'>dividit,</span> <span class='ocrx_word' id='word_1_54' title='bbox 294 611 488 650; x_wconf 90' lang='lat' dir='ltr'>secundo</span> <span class='ocrx_word' id='word_1_55' title='bbox 505 611 610 650; x_wconf 89' lang='lat' dir='ltr'>mari</span> <span class='ocrx_word' id='word_1_56' title='bbox 624 611 760 660; x_wconf 90' lang='lat' dir='ltr'>prima</span> <span class='ocrx_word' id='word_1_57' title='bbox 773 610 937 661; x_wconf 88' lang='lat' dir='ltr'>Cyrene</span> <span class='ocrx_word' id='word_1_58' title='bbox 951 615 1025 656; x_wconf 86' lang='lat' dir='ltr'>est,</span> <span class='ocrx_word' id='word_1_59' title='bbox 1041 610 1213 651; x_wconf 90' lang='lat' dir='ltr'>colonia</span> <span class='ocrx_word' id='word_1_60' title='bbox 1224 610 1465 658; x_wconf 85' lang='lat' dir='ltr'>Theraeon,</span> 
     </span>
     <span class='ocr_line' id='line_1_10' title="bbox 113 668 1465 720; baseline 0.002 -12"><span class='ocrx_word' id='word_1_61' title='bbox 113 681 164 709; x_wconf 90' lang='lat' dir='ltr'>ac</span> <span class='ocrx_word' id='word_1_62' title='bbox 200 670 407 720; x_wconf 89' lang='lat' dir='ltr'>deinceps</span> <span class='ocrx_word' id='word_1_63' title='bbox 441 670 554 710; x_wconf 91' lang='lat' dir='ltr'>duae</span> <span class='ocrx_word' id='word_1_64' title='bbox 588 668 732 720; x_wconf 86' lang='lat' dir='ltr'>Syrtes</span> <span class='ocrx_word' id='word_1_65' title='bbox 766 671 963 719; x_wconf 88' lang='lat' dir='ltr'>interque</span> <span class='ocrx_word' id='word_1_66' title='bbox 995 680 1069 709; x_wconf 92' lang='lat' dir='ltr'>eas</span> <span class='ocrx_word' id='word_1_67' title='bbox 1103 669 1268 719; x_wconf 86' lang='lat' dir='ltr'>Lepcis,</span> <span class='ocrx_word' id='word_1_68' title='bbox 1305 670 1465 711; x_wconf 90' lang='lat' dir='ltr'>deinde</span> 
     </span>
     <span class='ocr_line' id='line_1_11' title="bbox 114 728 1518 780; baseline 0.001 -12"><span class='ocrx_word' id='word_1_69' title='bbox 114 728 353 769; x_wconf 89' lang='lat' dir='ltr'>Philaenon</span> <span class='ocrx_word' id='word_1_70' title='bbox 387 740 499 775; x_wconf 90' lang='lat' dir='ltr'>arae,</span> <span class='ocrx_word' id='word_1_71' title='bbox 532 740 663 779; x_wconf 90' lang='lat' dir='ltr'>quem</span> <span class='ocrx_word' id='word_1_72' title='bbox 697 729 841 769; x_wconf 90' lang='lat' dir='ltr'>locum</span> <span class='ocrx_word' id='word_1_73' title='bbox 868 728 1116 780; x_wconf 86' lang='lat' dir='ltr'>Aegyptum</span> <span class='ocrx_word' id='word_1_74' title='bbox 1149 740 1304 769; x_wconf 91' lang='lat' dir='ltr'>vorsus</span> <span class='ocrx_word' id='word_1_75' title='bbox 1331 729 1464 769; x_wconf 86' lang='lat' dir='ltr'>finem</span> <span class='ocrx_word' id='word_1_76' title='bbox 1485 736 1518 765; x_wconf 89' lang='lat'>10</span> 
     </span>
     <span class='ocr_line' id='line_1_12' title="bbox 115 787 1465 838; baseline 0.001 -10"><span class='ocrx_word' id='word_1_77' title='bbox 115 789 265 837; x_wconf 91' lang='lat' dir='ltr'>imperi</span> <span class='ocrx_word' id='word_1_78' title='bbox 279 789 470 828; x_wconf 88' lang='lat' dir='ltr'>habuere</span> <span class='ocrx_word' id='word_1_79' title='bbox 484 787 875 838; x_wconf 82' lang='lat' dir='ltr'>Carthaginienses,</span> <span class='ocrx_word' id='word_1_80' title='bbox 891 792 990 837; x_wconf 90' lang='lat' dir='ltr'>post</span> <span class='ocrx_word' id='word_1_81' title='bbox 1001 788 1112 828; x_wconf 92' lang='lat' dir='ltr'>aliae</span> <span class='ocrx_word' id='word_1_82' title='bbox 1124 788 1312 828; x_wconf 87' lang='lat' dir='ltr'>Punicae</span> <span class='ocrx_word' id='word_1_83' title='bbox 1324 789 1465 830; x_wconf 87' lang='lat' dir='ltr'>urbes.</span> 
     </span>
    </p>

    <p class='ocr_par' dir='ltr' id='par_1_5' title="bbox 67 847 1465 897">
     <span class='ocr_line' id='line_1_13' title="bbox 67 847 1465 897; baseline 0.001 -11"><span class='ocrx_word' id='word_1_84' title='bbox 67 854 89 885; x_wconf 84' lang='lat'>4</span> <span class='ocrx_word' id='word_1_85' title='bbox 115 852 256 887; x_wconf 87' lang='lat' dir='ltr'>cetera</span> <span class='ocrx_word' id='word_1_86' title='bbox 295 847 391 888; x_wconf 89' lang='lat' dir='ltr'>loca</span> <span class='ocrx_word' id='word_1_87' title='bbox 430 859 570 897; x_wconf 89' lang='lat' dir='ltr'>usque</span> <span class='ocrx_word' id='word_1_88' title='bbox 609 847 663 887; x_wconf 93' lang='lat' dir='ltr'>ad</span> <span class='ocrx_word' id='word_1_89' title='bbox 700 847 1014 887; x_wconf 89' lang='lat' dir='ltr'>Mauretaniam</span> <span class='ocrx_word' id='word_1_90' title='bbox 1051 847 1268 888; x_wconf 90' lang='lat' dir='ltr'>Numidae</span> <span class='ocrx_word' id='word_1_91' title='bbox 1306 852 1465 895; x_wconf 82' lang='lat' dir='ltr'>tenent,</span> 
     </span>
    </p>

    <p class='ocr_par' dir='ltr' id='par_1_6' title="bbox 67 903 1464 1016">
     <span class='ocr_line' id='line_1_14' title="bbox 67 903 1463 956; baseline 0.001 -11"><span class='ocrx_word' id='word_1_92' title='bbox 67 913 88 944; x_wconf 89' lang='grc'>5</span> <span class='ocrx_word' id='word_1_93' title='bbox 116 908 314 955; x_wconf 90' lang='lat' dir='ltr'>proxumi</span> <span class='ocrx_word' id='word_1_94' title='bbox 360 903 650 956; x_wconf 88' lang='lat' dir='ltr'>Hispania[m]</span> <span class='ocrx_word' id='word_1_95' title='bbox 695 906 833 947; x_wconf 86' lang='lat' dir='ltr'>Mauri</span> <span class='ocrx_word' id='word_1_96' title='bbox 879 911 988 946; x_wconf 89' lang='lat' dir='ltr'>sunt.</span> <span class='ocrx_word' id='word_1_97' title='bbox 1041 918 1170 956; x_wconf 87' lang='lat' dir='ltr'>super</span> <span class='ocrx_word' id='word_1_98' title='bbox 1213 907 1463 948; x_wconf 84' lang='lat' dir='ltr'>Numidiam</span> 
     </span>
     <span class='ocr_line' id='line_1_15' title="bbox 116 965 1464 1016; baseline 0 -11"><span class='ocrx_word' id='word_1_99' title='bbox 116 965 326 1006; x_wconf 90' lang='lat' dir='ltr'>Gaetulos</span> <span class='ocrx_word' id='word_1_100' title='bbox 361 967 609 1015; x_wconf 91' lang='lat' dir='ltr'>accepimus</span> <span class='ocrx_word' id='word_1_101' title='bbox 644 967 795 1014; x_wconf 89' lang='lat' dir='ltr'>partim</span> <span class='ocrx_word' id='word_1_102' title='bbox 824 967 866 1005; x_wconf 92' lang='lat' dir='ltr'>in</span> <span class='ocrx_word' id='word_1_103' title='bbox 895 966 1087 1016; x_wconf 88' lang='lat' dir='ltr'>tuguriis,</span> <span class='ocrx_word' id='word_1_104' title='bbox 1120 966 1229 1006; x_wconf 86' lang='lat' dir='ltr'>alios</span> <span class='ocrx_word' id='word_1_105' title='bbox 1262 967 1464 1006; x_wconf 85' lang='lat' dir='ltr'>incultius</span> 
     </span>
    </p>

    <p class='ocr_par' dir='ltr' id='par_1_7' title="bbox 64 1025 1519 1075">
     <span class='ocr_line' id='line_1_16' title="bbox 64 1025 1519 1075; baseline 0.001 -12"><span class='ocrx_word' id='word_1_106' title='bbox 64 1031 87 1062; x_wconf 84' lang='lat'><strong>6</strong></span> <span class='ocrx_word' id='word_1_107' title='bbox 113 1036 252 1075; x_wconf 91' lang='lat' dir='ltr'>vagos</span> <span class='ocrx_word' id='word_1_108' title='bbox 288 1026 463 1075; x_wconf 87' lang='lat' dir='ltr'>agitare,</span> <span class='ocrx_word' id='word_1_109' title='bbox 502 1030 601 1075; x_wconf 91' lang='lat' dir='ltr'>post</span> <span class='ocrx_word' id='word_1_110' title='bbox 637 1036 712 1065; x_wconf 88' lang='lat' dir='ltr'>eos</span> <span class='ocrx_word' id='word_1_111' title='bbox 747 1025 989 1074; x_wconf 89' lang='lat' dir='ltr'>Aethiopas</span> <span class='ocrx_word' id='word_1_112' title='bbox 1026 1036 1134 1071; x_wconf 87' lang='lat' dir='ltr'>esse,</span> <span class='ocrx_word' id='word_1_113' title='bbox 1174 1025 1333 1065; x_wconf 92' lang='lat' dir='ltr'>dehinc</span> <span class='ocrx_word' id='word_1_114' title='bbox 1367 1026 1464 1066; x_wconf 92' lang='lat' dir='ltr'>loca</span> <span class='ocrx_word' id='word_1_115' title='bbox 1485 1032 1519 1060; x_wconf 86' lang='lat'>15</span> 
     </span>
    </p>

    <p class='ocr_par' dir='ltr' id='par_1_8' title="bbox 115 1084 1465 1135">
     <span class='ocr_line' id='line_1_17' title="bbox 115 1084 1465 1135; baseline 0.001 -12"><span class='ocrx_word' id='word_1_116' title='bbox 115 1089 267 1124; x_wconf 84' lang='lat' dir='ltr'>exusta</span> <span class='ocrx_word' id='word_1_117' title='bbox 294 1084 398 1124; x_wconf 87' lang='lat' dir='ltr'>solis</span> <span class='ocrx_word' id='word_1_118' title='bbox 425 1085 664 1124; x_wconf 91' lang='lat' dir='ltr'>ardoribus.</span> <span class='ocrx_word' id='word_1_119' title='bbox 702 1085 830 1134; x_wconf 86' lang='lat' dir='ltr'>igitur</span> <span class='ocrx_word' id='word_1_120' title='bbox 848 1084 964 1124; x_wconf 92' lang='lat' dir='ltr'>bello</span> <span class='ocrx_word' id='word_1_121' title='bbox 985 1084 1236 1134; x_wconf 87' lang='lat' dir='ltr'>Iugurthino</span> <span class='ocrx_word' id='word_1_122' title='bbox 1258 1084 1465 1135; x_wconf 87' lang='lat' dir='ltr'>pleraque</span> 
     </span>
    </p>
   </div>
   <div class='ocr_carea' id='block_1_3' title="bbox 67 1090 86 1121">
    <p class='ocr_par' dir='ltr' id='par_1_9' title="bbox 67 1090 86 1121">
     <span class='ocr_line' id='line_1_18' title="bbox 67 1090 86 1121; textangle 90"><span class='ocrx_word' id='word_1_123' title='bbox 67 1090 86 1121; x_wconf 56' lang='lat' dir='ltr'>s!</span> 
     </span>
    </p>
   </div>
   <div class='ocr_carea' id='block_1_4' title="bbox 39 1143 1518 1904">
    <p class='ocr_par' dir='ltr' id='par_1_10' title="bbox 112 1143 1518 1490">
     <span class='ocr_line' id='line_1_19' title="bbox 114 1143 1464 1193; baseline 0.001 -11"><span class='ocrx_word' id='word_1_124' title='bbox 114 1154 166 1182; x_wconf 89' lang='lat' dir='ltr'>ex</span> <span class='ocrx_word' id='word_1_125' title='bbox 193 1143 365 1183; x_wconf 86' lang='lat' dir='ltr'>Punicis</span> <span class='ocrx_word' id='word_1_126' title='bbox 400 1144 564 1193; x_wconf 89' lang='lat' dir='ltr'>oppida</span> <span class='ocrx_word' id='word_1_127' title='bbox 591 1149 632 1183; x_wconf 92' lang='lat' dir='ltr'>et</span> <span class='ocrx_word' id='word_1_128' title='bbox 658 1144 756 1183; x_wconf 81' lang='lat' dir='ltr'>finis</span> <span class='ocrx_word' id='word_1_129' title='bbox 784 1143 1216 1193; x_wconf 89' lang='lat' dir='ltr'>Carthaginiensium,</span> <span class='ocrx_word' id='word_1_130' title='bbox 1249 1155 1362 1193; x_wconf 88' lang='lat' dir='ltr'>quos</span> <span class='ocrx_word' id='word_1_131' title='bbox 1388 1155 1464 1184; x_wconf 94' lang='lat' dir='ltr'>no-</span> 
     </span>
     <span class='ocr_line' id='line_1_20' title="bbox 112 1202 1464 1252; baseline 0.001 -11"><span class='ocrx_word' id='word_1_132' title='bbox 112 1203 307 1243; x_wconf 91' lang='lat' dir='ltr'>vissume</span> <span class='ocrx_word' id='word_1_133' title='bbox 334 1203 588 1249; x_wconf 91' lang='lat' dir='ltr'>habuerant,</span> <span class='ocrx_word' id='word_1_134' title='bbox 622 1203 811 1252; x_wconf 87' lang='lat' dir='ltr'>populus</span> <span class='ocrx_word' id='word_1_135' title='bbox 838 1202 1060 1242; x_wconf 87' lang='lat' dir='ltr'>Romanus</span> <span class='ocrx_word' id='word_1_136' title='bbox 1088 1214 1162 1252; x_wconf 91' lang='lat' dir='ltr'>per</span> <span class='ocrx_word' id='word_1_137' title='bbox 1188 1204 1464 1252; x_wconf 87' lang='lat' dir='ltr'>magistratus</span> 
     </span>
     <span class='ocr_line' id='line_1_21' title="bbox 113 1261 1466 1312; baseline 0.001 -12"><span class='ocrx_word' id='word_1_138' title='bbox 113 1261 460 1307; x_wconf 87' lang='lat' dir='ltr'>administrabat;</span> <span class='ocrx_word' id='word_1_139' title='bbox 505 1261 786 1302; x_wconf 87' lang='lat' dir='ltr'>Gaetulorum</span> <span class='ocrx_word' id='word_1_140' title='bbox 832 1273 993 1312; x_wconf 91' lang='lat' dir='ltr'>magna</span> <span class='ocrx_word' id='word_1_141' title='bbox 1032 1273 1129 1311; x_wconf 91' lang='lat' dir='ltr'>pars</span> <span class='ocrx_word' id='word_1_142' title='bbox 1169 1266 1209 1301; x_wconf 91' lang='lat' dir='ltr'>et</span> <span class='ocrx_word' id='word_1_143' title='bbox 1246 1261 1466 1302; x_wconf 91' lang='lat' dir='ltr'>Numidae</span> 
     </span>
     <span class='ocr_line' id='line_1_22' title="bbox 113 1321 1518 1371; baseline -0.001 -10"><span class='ocrx_word' id='word_1_144' title='bbox 113 1333 253 1371; x_wconf 88' lang='lat' dir='ltr'>usque</span> <span class='ocrx_word' id='word_1_145' title='bbox 274 1322 329 1361; x_wconf 93' lang='lat' dir='ltr'>ad</span> <span class='ocrx_word' id='word_1_146' title='bbox 352 1322 514 1361; x_wconf 83' lang='lat' dir='ltr'>flumen</span> <span class='ocrx_word' id='word_1_147' title='bbox 530 1321 804 1361; x_wconf 89' lang='lat' dir='ltr'>Muluccham</span> <span class='ocrx_word' id='word_1_148' title='bbox 827 1322 907 1361; x_wconf 90' lang='lat' dir='ltr'>sub</span> <span class='ocrx_word' id='word_1_149' title='bbox 923 1321 1126 1371; x_wconf 88' lang='lat' dir='ltr'>Iugurtha</span> <span class='ocrx_word' id='word_1_150' title='bbox 1144 1325 1280 1367; x_wconf 91' lang='lat' dir='ltr'>erant;</span> <span class='ocrx_word' id='word_1_151' title='bbox 1302 1321 1462 1361; x_wconf 87' lang='lat' dir='ltr'>Mauris</span> <span class='ocrx_word' id='word_1_152' title='bbox 1482 1329 1518 1358; x_wconf 78' lang='lat'>20</span> 
     </span>
     <span class='ocr_line' id='line_1_23' title="bbox 113 1380 1464 1430; baseline 0.001 -11"><span class='ocrx_word' id='word_1_153' title='bbox 113 1381 318 1420; x_wconf 91' lang='lat' dir='ltr'>omnibus</span> <span class='ocrx_word' id='word_1_154' title='bbox 340 1392 412 1420; x_wconf 84' lang='lat' dir='ltr'>rex</span> <span class='ocrx_word' id='word_1_155' title='bbox 428 1380 627 1421; x_wconf 91' lang='lat' dir='ltr'>Bocchus</span> <span class='ocrx_word' id='word_1_156' title='bbox 649 1381 932 1430; x_wconf 88' lang='lat' dir='ltr'>imperitabat,</span> <span class='ocrx_word' id='word_1_157' title='bbox 954 1385 1121 1430; x_wconf 90' lang='lat' dir='ltr'>praeter</span> <span class='ocrx_word' id='word_1_158' title='bbox 1140 1391 1301 1420; x_wconf 90' lang='lat' dir='ltr'>nomen</span> <span class='ocrx_word' id='word_1_159' title='bbox 1323 1386 1464 1421; x_wconf 87' lang='lat' dir='ltr'>cetera</span> 
     </span>
     <span class='ocr_line' id='line_1_24' title="bbox 113 1439 1464 1490; baseline 0.001 -12"><span class='ocrx_word' id='word_1_160' title='bbox 113 1441 288 1489; x_wconf 90' lang='lat' dir='ltr'>ignarus</span> <span class='ocrx_word' id='word_1_161' title='bbox 310 1440 461 1489; x_wconf 83' lang='lat' dir='ltr'>populi</span> <span class='ocrx_word' id='word_1_162' title='bbox 476 1439 659 1480; x_wconf 90' lang='lat' dir='ltr'>Romani</span> <span class='ocrx_word' id='word_1_163' title='bbox 682 1441 873 1489; x_wconf 89' lang='lat' dir='ltr'>itemque</span> <span class='ocrx_word' id='word_1_164' title='bbox 888 1440 1015 1480; x_wconf 93' lang='lat' dir='ltr'>nobis</span> <span class='ocrx_word' id='word_1_165' title='bbox 1030 1451 1174 1489; x_wconf 87' lang='lat' dir='ltr'>neque</span> <span class='ocrx_word' id='word_1_166' title='bbox 1189 1439 1303 1480; x_wconf 90' lang='lat' dir='ltr'>bello</span> <span class='ocrx_word' id='word_1_167' title='bbox 1319 1451 1464 1490; x_wconf 88' lang='lat' dir='ltr'>neque</span> 
     </span>
    </p>

    <p class='ocr_par' dir='ltr' id='par_1_11' title="bbox 65 1499 1463 1598">
     <span class='ocr_line' id='line_1_25' title="bbox 65 1499 1463 1549; baseline 0.001 -12"><span class='ocrx_word' id='word_1_168' title='bbox 65 1504 86 1536; x_wconf 86' lang='lat'>8</span> <span class='ocrx_word' id='word_1_169' title='bbox 113 1509 220 1548; x_wconf 88' lang='lat' dir='ltr'>pace</span> <span class='ocrx_word' id='word_1_170' title='bbox 241 1503 370 1539; x_wconf 91' lang='lat' dir='ltr'>antea</span> <span class='ocrx_word' id='word_1_171' title='bbox 391 1500 602 1549; x_wconf 85' lang='lat' dir='ltr'>cognitus.</span> <span class='ocrx_word' id='word_1_172' title='bbox 637 1500 691 1539; x_wconf 90' lang='lat' dir='ltr'>de</span> <span class='ocrx_word' id='word_1_173' title='bbox 706 1499 847 1539; x_wconf 81' lang='lat' dir='ltr'>Africa</span> <span class='ocrx_word' id='word_1_174' title='bbox 869 1504 909 1539; x_wconf 88' lang='lat' dir='ltr'>et</span> <span class='ocrx_word' id='word_1_175' title='bbox 931 1500 1023 1538; x_wconf 89' lang='lat' dir='ltr'>eius</span> <span class='ocrx_word' id='word_1_176' title='bbox 1038 1499 1191 1539; x_wconf 89' lang='lat' dir='ltr'>incolis</span> <span class='ocrx_word' id='word_1_177' title='bbox 1206 1499 1261 1538; x_wconf 93' lang='lat' dir='ltr'>ad</span> <span class='ocrx_word' id='word_1_178' title='bbox 1277 1500 1463 1538; x_wconf 87' lang='lat' dir='ltr'>necessi-</span> 
     </span>
     <span class='ocr_line' id='line_1_26' title="bbox 111 1558 724 1598; baseline 0.003 -2"><span class='ocrx_word' id='word_1_179' title='bbox 111 1558 306 1597; x_wconf 89' lang='lat' dir='ltr'>tudinem</span> <span class='ocrx_word' id='word_1_180' title='bbox 334 1559 391 1598; x_wconf 94' lang='lat' dir='ltr'>rei</span> <span class='ocrx_word' id='word_1_181' title='bbox 420 1559 523 1598; x_wconf 90' lang='lat' dir='ltr'>satis</span> <span class='ocrx_word' id='word_1_182' title='bbox 551 1559 724 1598; x_wconf 90' lang='lat' dir='ltr'>dictum.</span> 
     </span>
    </p>

    <p class='ocr_par' dir='ltr' id='par_1_12' title="bbox 39 1617 1516 1904">
     <span class='ocr_line' id='line_1_27' title="bbox 39 1617 1516 1668; baseline -0.001 -11"><span class='ocrx_word' id='word_1_183' title='bbox 39 1618 98 1657; x_wconf 87' lang='grc'>20</span> <span class='ocrx_word' id='word_1_184' title='bbox 169 1617 407 1667; x_wconf 90' lang='lat' dir='ltr'>Postquam</span> <span class='ocrx_word' id='word_1_185' title='bbox 448 1618 589 1657; x_wconf 89' lang='lat' dir='ltr'>diviso</span> <span class='ocrx_word' id='word_1_186' title='bbox 630 1629 763 1668; x_wconf 90' lang='lat' dir='ltr'>regno</span> <span class='ocrx_word' id='word_1_187' title='bbox 805 1617 934 1667; x_wconf 90' lang='lat' dir='ltr'>legati</span> <span class='ocrx_word' id='word_1_188' title='bbox 974 1617 1116 1657; x_wconf 83' lang='lat' dir='ltr'>Africa</span> <span class='ocrx_word' id='word_1_189' title='bbox 1155 1617 1383 1657; x_wconf 89' lang='lat' dir='ltr'>decessere</span> <span class='ocrx_word' id='word_1_190' title='bbox 1421 1622 1461 1657; x_wconf 89' lang='lat' dir='ltr'>et</span> <span class='ocrx_word' id='word_1_191' title='bbox 1480 1625 1516 1654; x_wconf 85' lang='lat'>2⁵</span> 
     </span>
     <span class='ocr_line' id='line_1_28' title="bbox 113 1675 1464 1726; baseline 0.001 -12"><span class='ocrx_word' id='word_1_192' title='bbox 113 1675 318 1726; x_wconf 88' lang='lat' dir='ltr'>Iugurtha</span> <span class='ocrx_word' id='word_1_193' title='bbox 351 1680 499 1717; x_wconf 87' lang='lat' dir='ltr'>contra</span> <span class='ocrx_word' id='word_1_194' title='bbox 527 1678 724 1717; x_wconf 89' lang='lat' dir='ltr'>timorem</span> <span class='ocrx_word' id='word_1_195' title='bbox 752 1677 884 1716; x_wconf 88' lang='lat' dir='ltr'>animi</span> <span class='ocrx_word' id='word_1_196' title='bbox 913 1677 1105 1726; x_wconf 87' lang='lat' dir='ltr'>praemia</span> <span class='ocrx_word' id='word_1_197' title='bbox 1132 1676 1304 1716; x_wconf 90' lang='lat' dir='ltr'>sceleris</span> <span class='ocrx_word' id='word_1_198' title='bbox 1330 1676 1464 1725; x_wconf 52' lang='lat' dir='ltr'>adep‘</span> 
     </span>
     <span class='ocr_line' id='line_1_29' title="bbox 114 1735 1459 1785; baseline 0 -11"><span class='ocrx_word' id='word_1_199' title='bbox 114 1739 203 1774; x_wconf 84' lang='lat' dir='ltr'>turn</span> <span class='ocrx_word' id='word_1_200' title='bbox 226 1747 323 1775; x_wconf 91' lang='lat' dir='ltr'>sese</span> <span class='ocrx_word' id='word_1_201' title='bbox 343 1736 473 1782; x_wconf 92' lang='lat' dir='ltr'>videt,</span> <span class='ocrx_word' id='word_1_202' title='bbox 502 1740 663 1775; x_wconf 88' lang='lat' dir='ltr'>certum</span> <span class='ocrx_word' id='word_1_203' title='bbox 686 1747 782 1776; x_wconf 90' lang='lat' dir='ltr'>esse</span> <span class='ocrx_word' id='word_1_204' title='bbox 805 1741 931 1782; x_wconf 89' lang='lat' dir='ltr'>ratus,</span> <span class='ocrx_word' id='word_1_205' title='bbox 959 1736 1077 1785; x_wconf 85' lang='lat' dir='ltr'>quod</span> <span class='ocrx_word' id='word_1_206' title='bbox 1100 1747 1151 1775; x_wconf 87' lang='lat' dir='ltr'>ex</span> <span class='ocrx_word' id='word_1_207' title='bbox 1173 1735 1322 1775; x_wconf 90' lang='lat' dir='ltr'>amicis</span> <span class='ocrx_word' id='word_1_208' title='bbox 1343 1735 1459 1784; x_wconf 90' lang='lat' dir='ltr'>apud</span> 
     </span>
     <span class='ocr_line' id='line_1_30' title="bbox 113 1794 1460 1844; baseline 0 -11"><span class='ocrx_word' id='word_1_209' title='bbox 113 1794 393 1834; x_wconf 89' lang='lat' dir='ltr'>Numantiam</span> <span class='ocrx_word' id='word_1_210' title='bbox 416 1800 652 1844; x_wconf 88' lang='lat' dir='ltr'>acceperat,</span> <span class='ocrx_word' id='word_1_211' title='bbox 674 1796 822 1835; x_wconf 89' lang='lat' dir='ltr'>omnia</span> <span class='ocrx_word' id='word_1_212' title='bbox 837 1795 1002 1835; x_wconf 88' lang='lat' dir='ltr'>Romae</span> <span class='ocrx_word' id='word_1_213' title='bbox 1016 1795 1188 1834; x_wconf 89' lang='lat' dir='ltr'>venalia</span> <span class='ocrx_word' id='word_1_214' title='bbox 1204 1805 1312 1840; x_wconf 89' lang='lat' dir='ltr'>esse,</span> <span class='ocrx_word' id='word_1_215' title='bbox 1333 1794 1460 1833; x_wconf 90' lang='lat' dir='ltr'>simul</span> 
     </span>
     <span class='ocr_line' id='line_1_31' title="bbox 113 1853 1462 1904; baseline 0 -12"><span class='ocrx_word' id='word_1_216' title='bbox 113 1857 155 1892; x_wconf 92' lang='lat' dir='ltr'>et</span> <span class='ocrx_word' id='word_1_217' title='bbox 186 1853 356 1893; x_wconf 90' lang='lat' dir='ltr'>illorum</span> <span class='ocrx_word' id='word_1_218' title='bbox 391 1854 777 1904; x_wconf 85' lang='lat' dir='ltr'>pollicitationibus</span> <span class='ocrx_word' id='word_1_219' title='bbox 810 1865 1031 1900; x_wconf 88' lang='lat' dir='ltr'>accensus,</span> <span class='ocrx_word' id='word_1_220' title='bbox 1064 1864 1175 1903; x_wconf 89' lang='lat' dir='ltr'>quos</span> <span class='ocrx_word' id='word_1_221' title='bbox 1202 1853 1333 1903; x_wconf 89' lang='lat' dir='ltr'>paulo</span> <span class='ocrx_word' id='word_1_222' title='bbox 1362 1858 1462 1893; x_wconf 85' lang='lat' dir='ltr'>ante</span> 
     </span>
    </p>
   </div>
   <div class='ocr_carea' id='block_1_5' title="bbox 107 1957 1462 2369">
    <p class='ocr_par' dir='ltr' id='par_1_13' title="bbox 109 1957 1462 2187">
     <span class='ocr_line' id='line_1_32' title="bbox 176 1957 1459 1998; baseline 0 -9"><span class='ocrx_word' id='word_1_223' title='bbox 176 1958 190 1989; x_wconf 92' lang='lat'>1</span> <span class='ocrx_word' id='word_1_224' title='bbox 228 1958 439 1998; x_wconf 87' lang='lat' dir='ltr'>Hipponem</span> <span class='ocrx_word' id='word_1_225' title='bbox 462 1984 469 1991; x_wconf 92' lang='lat'>.</span> <span class='ocrx_word' id='word_1_226' title='bbox 491 1984 499 1991; x_wconf 93' lang='lat'><strong>.</strong></span> <span class='ocrx_word' id='word_1_227' title='bbox 521 1984 529 1992; x_wconf 95' lang='lat'><strong>.</strong></span> <span class='ocrx_word' id='word_1_228' title='bbox 550 1960 648 1991; x_wconf 88' lang='lat' dir='ltr'>urbis</span> <span class='ocrx_word' id='word_1_229' title='bbox 675 1959 847 1991; x_wconf 69' lang='lat' dir='ltr'>*Sacer-d.</span> <span class='ocrx_word' id='word_1_230' title='bbox 867 1968 1024 1998; x_wconf 64' lang='lat' dir='ltr'>,qr-amm.</span> <span class='ocrx_word' id='word_1_231' title='bbox 1043 1958 1084 1990; x_wconf 87' lang='lat' dir='ltr'>Vl</span> <span class='ocrx_word' id='word_1_232' title='bbox 1101 1961 1173 1995; x_wconf 73' lang='lat'>470,</span> <span class='ocrx_word' id='word_1_233' title='bbox 1189 1961 1228 1990; x_wconf 85' lang='lat'>18</span> <span class='ocrx_word' id='word_1_234' title='bbox 1312 1957 1459 1997; x_wconf 85' lang='lat' dir='ltr'>Lepcim</span> 
     </span>
     <span class='ocr_line' id='line_1_33' title="bbox 112 2004 1462 2047; baseline 0.001 -10"><span class='ocrx_word' id='word_1_235' title='bbox 112 2006 312 2037; x_wconf 81' lang='lat' dir='ltr'>Buecheler</span> <span class='ocrx_word' id='word_1_236' title='bbox 326 2008 363 2038; x_wconf 86' lang='lat' dir='ltr'>in</span> <span class='ocrx_word' id='word_1_237' title='bbox 378 2007 508 2039; x_wconf 78' lang='lat' dir='ltr'>Rhein.</span> <span class='ocrx_word' id='word_1_238' title='bbox 522 2007 617 2038; x_wconf 80' lang='lat' dir='ltr'>Mus.</span> <span class='ocrx_word' id='word_1_239' title='bbox 631 2010 682 2045; x_wconf 87' lang='lat'>59,</span> <span class='ocrx_word' id='word_1_240' title='bbox 693 2010 753 2038; x_wconf 83' lang='lat'>638</span> <span class='ocrx_word' id='word_1_241' title='bbox 765 2016 834 2047; x_wconf 85' lang='lat' dir='ltr'>sqq</span> <span class='ocrx_word' id='word_1_242' title='bbox 849 2004 910 2045; x_wconf 83' lang='lat' dir='ltr'>(cf.</span> <span class='ocrx_word' id='word_1_243' title='bbox 925 2005 1106 2044; x_wconf 75' lang='lat' dir='ltr'>Schmalz,</span> <span class='ocrx_word' id='word_1_244' title='bbox 1118 2006 1212 2038; x_wconf 88' lang='lat' dir='ltr'>Berl.</span> <span class='ocrx_word' id='word_1_245' title='bbox 1227 2005 1321 2037; x_wconf 82' lang='lat' dir='ltr'>Phil.</span> <span class='ocrx_word' id='word_1_246' title='bbox 1341 2005 1462 2038; x_wconf 82' lang='lat' dir='ltr'>Woeh.</span> 
     </span>
     <span class='ocr_line' id='line_1_34' title="bbox 113 2051 1461 2093; baseline 0 -9"><span class='ocrx_word' id='word_1_247' title='bbox 113 2056 203 2092; x_wconf 85' lang='lat'>1916,</span> <span class='ocrx_word' id='word_1_248' title='bbox 217 2051 294 2093; x_wconf 88' lang='lat'><em>511)</em></span> <span class='ocrx_word' id='word_1_249' title='bbox 322 2053 462 2092; x_wconf 88' lang='lat' dir='ltr'>Leptim</span> <span class='ocrx_word' id='word_1_250' title='bbox 490 2055 609 2092; x_wconf 67' lang='lat' dir='ltr'>codd„</span> <span class='ocrx_word' id='word_1_251' title='bbox 637 2056 795 2093; x_wconf 80' lang='lat' dir='ltr'>itemque</span> <span class='ocrx_word' id='word_1_252' title='bbox 821 2063 850 2085; x_wconf 85' lang='lat' dir='ltr'>c.</span> <span class='ocrx_word' id='word_1_253' title='bbox 872 2058 968 2092; x_wconf 80' lang='lat'><em>19‚3;</em></span> <span class='ocrx_word' id='word_1_254' title='bbox 985 2057 1032 2091; x_wconf 94' lang='lat'>77,</span> <span class='ocrx_word' id='word_1_255' title='bbox 1048 2057 1076 2091; x_wconf 86' lang='lat'>1,</span> <span class='ocrx_word' id='word_1_256' title='bbox 1090 2058 1131 2091; x_wconf 84' lang='grc'>2,·</span> <span class='ocrx_word' id='word_1_257' title='bbox 1153 2057 1200 2092; x_wconf 86' lang='grc'>79,</span> <span class='ocrx_word' id='word_1_258' title='bbox 1216 2057 1231 2084; x_wconf 94' lang='grc'><em>1</em></span> <span class='ocrx_word' id='word_1_259' title='bbox 1306 2053 1327 2084; x_wconf 91' lang='grc'>2</span> <span class='ocrx_word' id='word_1_260' title='bbox 1354 2053 1461 2084; x_wconf 86' lang='lat' dir='ltr'>alias·</span> 
     </span>
     <span class='ocr_line' id='line_1_35' title="bbox 111 2098 1461 2139; baseline 0 -8"><span class='ocrx_word' id='word_1_261' title='bbox 111 2109 184 2139; x_wconf 89' lang='lat' dir='ltr'>que</span> <span class='ocrx_word' id='word_1_262' title='bbox 204 2098 315 2138; x_wconf 90' lang='lat' dir='ltr'>urbis]</span> <span class='ocrx_word' id='word_1_263' title='bbox 338 2103 553 2138; x_wconf 84' lang='lat' dir='ltr'>ceterasque</span> <span class='ocrx_word' id='word_1_264' title='bbox 574 2101 738 2133; x_wconf 87' lang='lat' dir='ltr'>civitates</span> <span class='ocrx_word' id='word_1_265' title='bbox 755 2100 904 2133; x_wconf 70' lang='lat' dir='ltr'>Sacerci.</span> <span class='ocrx_word' id='word_1_266' title='bbox 973 2101 993 2132; x_wconf 82' lang='lat'>4</span> <span class='ocrx_word' id='word_1_267' title='bbox 1015 2109 1098 2131; x_wconf 90' lang='lat' dir='ltr'>nam</span> <span class='ocrx_word' id='word_1_268' title='bbox 1120 2123 1128 2133; x_wconf 91' lang='lat'>.</span> <span class='ocrx_word' id='word_1_269' title='bbox 1143 2123 1152 2132; x_wconf 91' lang='lat'><strong>.</strong></span> <span class='ocrx_word' id='word_1_270' title='bbox 1167 2124 1175 2133; x_wconf 90' lang='lat'><strong><em>.</em></strong></span> <span class='ocrx_word' id='word_1_271' title='bbox 1197 2100 1317 2132; x_wconf 89' lang='lat' dir='ltr'>dicere</span> <span class='ocrx_word' id='word_1_272' title='bbox 1333 2099 1461 2139; x_wconf 77' lang='lat' dir='ltr'>Quint.</span> 
     </span>
     <span class='ocr_line' id='line_1_36' title="bbox 109 2146 1460 2187; baseline 0 -9"><span class='ocrx_word' id='word_1_273' title='bbox 109 2148 198 2179; x_wconf 76' lang='lat' dir='ltr'>inst.</span> <span class='ocrx_word' id='word_1_274' title='bbox 212 2151 302 2186; x_wconf 84' lang='lat'>2,13‚</span> <span class='ocrx_word' id='word_1_275' title='bbox 313 2151 351 2179; x_wconf 85' lang='grc'>14</span> <span class='ocrx_word' id='word_1_276' title='bbox 363 2147 463 2180; x_wconf 84' lang='lat' dir='ltr'>Serv.</span> <span class='ocrx_word' id='word_1_277' title='bbox 478 2149 562 2180; x_wconf 83' lang='lat' dir='ltr'>Aen.</span> <span class='ocrx_word' id='word_1_278' title='bbox 582 2151 680 2187; x_wconf 77' lang='lat'><em>1‚342</em></span> <span class='ocrx_word' id='word_1_279' title='bbox 729 2146 827 2186; x_wconf 88' lang='lat' dir='ltr'>nam]</span> <span class='ocrx_word' id='word_1_280' title='bbox 843 2148 910 2180; x_wconf 89' lang='lat' dir='ltr'>sed</span> <span class='ocrx_word' id='word_1_281' title='bbox 923 2147 1022 2180; x_wconf 79' lang='lat' dir='ltr'>Sero.</span> <span class='ocrx_word' id='word_1_282' title='bbox 1073 2150 1192 2179; x_wconf 84' lang='lat' dir='ltr'>tacere</span> <span class='ocrx_word' id='word_1_283' title='bbox 1204 2148 1316 2179; x_wconf 87' lang='lat' dir='ltr'>satius</span> <span class='ocrx_word' id='word_1_284' title='bbox 1333 2146 1460 2187; x_wconf 80' lang='lat' dir='ltr'>Quint.</span> 
     </span>
    </p>

    <p class='ocr_par' dir='ltr' id='par_1_14' title="bbox 107 2193 1460 2328">
     <span class='ocr_line' id='line_1_37' title="bbox 172 2193 1460 2235; baseline 0 -9"><span class='ocrx_word' id='word_1_285' title='bbox 172 2194 215 2226; x_wconf 91' lang='grc'>10</span> <span class='ocrx_word' id='word_1_286' title='bbox 240 2194 420 2226; x_wconf 86' lang='lat' dir='ltr'>Philenon</span> <span class='ocrx_word' id='word_1_287' title='bbox 448 2204 531 2227; x_wconf 88' lang='lat' dir='ltr'>arae</span> <span class='ocrx_word' id='word_1_288' title='bbox 557 2195 655 2227; x_wconf 84' lang='lat' dir='ltr'>Max.</span> <span class='ocrx_word' id='word_1_289' title='bbox 675 2195 846 2227; x_wconf 75' lang='lat' dir='ltr'>Victor-in.</span> <span class='ocrx_word' id='word_1_290' title='bbox 866 2204 1023 2235; x_wconf 75' lang='lat' dir='ltr'>yramm.</span> <span class='ocrx_word' id='word_1_291' title='bbox 1043 2194 1084 2226; x_wconf 76' lang='lat' dir='ltr'>Vl</span> <span class='ocrx_word' id='word_1_292' title='bbox 1101 2198 1173 2232; x_wconf 78' lang='lat'>235,</span> <span class='ocrx_word' id='word_1_293' title='bbox 1189 2198 1228 2226; x_wconf 86' lang='lat'>13</span> <span class='ocrx_word' id='word_1_294' title='bbox 1308 2193 1350 2226; x_wconf 84' lang='lat'>13</span> <span class='ocrx_word' id='word_1_295' title='bbox 1378 2202 1460 2233; x_wconf 86' lang='lat' dir='ltr'>pro-</span> 
     </span>
     <span class='ocr_line' id='line_1_38' title="bbox 108 2241 1456 2281; baseline 0 -8"><span class='ocrx_word' id='word_1_296' title='bbox 108 2243 208 2273; x_wconf 80' lang='lat' dir='ltr'>xumi</span> <span class='ocrx_word' id='word_1_297' title='bbox 230 2265 259 2274; x_wconf 90' lang='lat'>..</span> <span class='ocrx_word' id='word_1_298' title='bbox 275 2265 283 2273; x_wconf 90' lang='lat'><strong>.</strong></span> <span class='ocrx_word' id='word_1_299' title='bbox 303 2245 387 2274; x_wconf 89' lang='lat' dir='ltr'>sunt</span> <span class='ocrx_word' id='word_1_300' title='bbox 412 2242 518 2275; x_wconf 73' lang='lat' dir='ltr'>Aras.</span> <span class='ocrx_word' id='word_1_301' title='bbox 539 2252 696 2281; x_wconf 73' lang='lat' dir='ltr'>yramm.</span> <span class='ocrx_word' id='word_1_302' title='bbox 714 2242 773 2274; x_wconf 88' lang='lat' dir='ltr'>Vll</span> <span class='ocrx_word' id='word_1_303' title='bbox 789 2245 861 2280; x_wconf 76' lang='grc'><em>498,</em></span> <span class='ocrx_word' id='word_1_304' title='bbox 878 2246 916 2273; x_wconf 85' lang='grc'>18</span> <span class='ocrx_word' id='word_1_305' title='bbox 990 2243 1155 2281; x_wconf 83' lang='lat' dir='ltr'>proxumi</span> <span class='ocrx_word' id='word_1_306' title='bbox 1181 2241 1227 2274; x_wconf 88' lang='lat' dir='ltr'>Pl</span> <span class='ocrx_word' id='word_1_307' title='bbox 1248 2241 1355 2273; x_wconf 76' lang='lat' dir='ltr'>Aras.</span> <span class='ocrx_word' id='word_1_308' title='bbox 1376 2249 1456 2280; x_wconf 83' lang='lat' dir='ltr'>pro-</span> 
     </span>
     <span class='ocr_line' id='line_1_39' title="bbox 107 2288 1459 2328; baseline 0.001 -8"><span class='ocrx_word' id='word_1_309' title='bbox 107 2297 218 2321; x_wconf 84' lang='lat' dir='ltr'>xume</span> <span class='ocrx_word' id='word_1_310' title='bbox 244 2290 323 2322; x_wconf 87' lang='lat' dir='ltr'>rell.</span> <span class='ocrx_word' id='word_1_311' title='bbox 338 2290 445 2321; x_wconf 84' lang='lat' dir='ltr'>codd.</span> <span class='ocrx_word' id='word_1_312' title='bbox 506 2289 686 2328; x_wconf 86' lang='lat' dir='ltr'>Hispania</span> <span class='ocrx_word' id='word_1_313' title='bbox 711 2289 817 2322; x_wconf 77' lang='lat' dir='ltr'>Aras.</span> <span class='ocrx_word' id='word_1_314' title='bbox 838 2289 1036 2328; x_wconf 83' lang='lat' dir='ltr'>Hispanias</span> <span class='ocrx_word' id='word_1_315' title='bbox 1062 2288 1109 2320; x_wconf 90' lang='lat' dir='ltr'>Pl</span> <span class='ocrx_word' id='word_1_316' title='bbox 1137 2288 1351 2328; x_wconf 83' lang='lat' dir='ltr'>Hispaniam</span> <span class='ocrx_word' id='word_1_317' title='bbox 1378 2289 1459 2321; x_wconf 82' lang='lat' dir='ltr'>rell.</span> 
     </span>
    </p>

    <p class='ocr_par' dir='ltr' id='par_1_15' title="bbox 170 2335 899 2369">
     <span class='ocr_line' id='line_1_40' title="bbox 170 2335 899 2369; baseline 0.001 -2"><span class='ocrx_word' id='word_1_318' title='bbox 170 2336 211 2368; x_wconf 89' lang='lat'>15</span> <span class='ocrx_word' id='word_1_319' title='bbox 239 2336 373 2369; x_wconf 88' lang='lat' dir='ltr'>dehine</span> <span class='ocrx_word' id='word_1_320' title='bbox 398 2335 462 2368; x_wconf 85' lang='lat' dir='ltr'>PB</span> <span class='ocrx_word' id='word_1_321' title='bbox 490 2336 624 2369; x_wconf 89' lang='lat' dir='ltr'>deinde</span> <span class='ocrx_word' id='word_1_322' title='bbox 650 2336 683 2368; x_wconf 86' lang='grc' dir='ltr'>Α</span> <span class='ocrx_word' id='word_1_323' title='bbox 710 2337 795 2369; x_wconf 91' lang='lat' dir='ltr'>dein</span> <span class='ocrx_word' id='word_1_324' title='bbox 822 2338 899 2368; x_wconf 80' lang='lat' dir='ltr'>rell.</span> 
     </span>
    </p>
   </div>
  </div>
 </body>
</html>
