1593 2496
337 59 541 95 BELLUM
570 58 935 95 IUGURTHINUM
965 62 1150 94 111—114
1339 62 1421 103 145

65 178 196 222 atque
229 173 378 211 animo
412 172 573 216 varius:
608 182 721 220 quae
754 170 916 210 scilicet
943 171 1001 209 ita
1027 175 1198 210 tacente
1228 171 1325 219 ipso
1354 181 1424 209 oc-

67 232 178 272 culta
208 232 392 280 pectoris
420 230 689 280 patefecisse.
736 235 881 269 tamen
910 234 1130 279 postremo
1161 228 1326 268 Sullam
1357 240 1426 268 ac·
1458 234 1479 265 4

68 292 173 331 cersi
197 291 314 330 iubet
336 295 376 330 et
398 301 449 329 ex
472 289 584 328 illius
606 290 820 329 sententia
838 288 1057 328 Numidae
1080 289 1260 328 insidias
1276 288 1428 328 tendit.

69 349 229 390 deinde
256 350 330 389 ubi
358 349 451 389 dies
478 348 655 388 advenit
683 353 723 388 et
751 349 788 388 ei
816 349 1060 387 nuntiatum
1089 352 1153 387 est
1173 347 1426 398 Iugurtham
1460 351 1481 382 5

27 418 37 422 ⁷
70 409 186 450 haud
224 409 373 459 procul
409 409 576 454 abesse,
617 419 714 447 cum
750 408 898 457 paucis
933 408 1084 446 amicis
1119 412 1159 447 et
1194 411 1430 456 quaestore

70 473 219 509 nostro
248 469 373 518 quasi
400 468 555 507 obvius
577 467 755 507 honoris
777 478 909 506 causa
931 466 1125 516 procedit
1146 468 1188 506 in
1210 466 1430 506 tumulum

71 528 340 568 facillumum
363 528 459 566 visu
482 527 798 566 insidiantibus.
835 526 992 566 eodem
1010 526 1200 565 Numida
1222 537 1321 565 cum
1345 525 1432 574 ple·
1461 529 1482 560 6

72 589 220 637 risque
247 587 480 626 necesariis
507 587 596 625 suis
626 587 815 631 inermis,
843 586 902 624 uti
931 585 1092 625 dictum
1121 590 1221 631 erat,
1248 584 1434 628 adcedit,

73 658 123 687 ac
144 647 290 686 statim
312 647 438 696 signo
461 645 562 685 dato
584 645 779 695 undique
799 644 926 684 simul
950 656 1001 684 ex
1017 645 1185 684 insidiis
1203 644 1432 683 invaditur.

23 713 48 738 ’ψ’
77 707 205 746 ceteri
234 706 487 751 obtruncati,
515 705 718 755 Iugurtha
740 703 888 744 Sullae
915 705 1084 744 vinctus
1112 704 1289 743 traditur
1317 708 1357 743 et
1378 703 1433 742 ab
1462 701 1482 733 7

75 777 128 806 eo
156 766 211 804 ad
239 765 421 804 Marium
450 764 662 804 deductus
691 769 766 804 est.

133 825 210 864 Per
232 824 347 864 idem
370 829 543 873 tempus
565 823 801 863 advorsum
817 822 967 863 Gallos
989 823 1044 862 ab
1067 823 1255 862 ducibus
1277 822 1433 862 nostris
1458 822 1539 862 114

76 883 125 928 Q.
142 883 364 933 Caepione
387 888 426 923 et
442 883 495 923 M.
512 883 675 922 Manlio
695 882 809 922 male
825 887 1079 932 pugnatum.
1113 893 1201 931 quo
1219 886 1338 921 metu
1353 881 1429 920 Ita·
1461 885 1480 916 2

76 944 132 983 lia
154 944 295 983 omnis
313 947 638 982 contremuerat.
673 942 821 991 illique
841 947 881 981 et
897 941 998 981 inde
1014 953 1154 991 usque
1169 941 1225 980 ad
1240 946 1431 981 nostram

39 1009 54 1033 3
77 1003 330 1042 memoriam
353 1001 535 1042 Romani
563 1002 625 1041 sic
652 1001 855 1046 habuere,
884 1000 968 1040 alia
990 1002 1139 1040 omnia
1160 1001 1303 1040 virtuti
1325 1011 1432 1039 suae

78 1072 213 1112 prona
241 1073 349 1107 esse,
380 1073 477 1100 cum
507 1060 641 1100 Gallis
669 1072 744 1110 pro
774 1060 924 1106 salute,
960 1071 1048 1100 non
1078 1071 1156 1109 pro
1184 1060 1322 1110 gloria
1349 1071 1432 1099 cer-

77 1126 176 1162 tare.
210 1120 288 1160 sed
310 1125 544 1170 postquam
567 1120 729 1160 bellum
752 1121 794 1158 in
811 1119 1017 1159 Numidia
1038 1119 1282 1159 confectum
1305 1124 1346 1158 et
1366 1119 1430 1157 Iu·
1460 1123 1482 1155 3

78 1180 277 1231 gurtham
298 1179 480 1219 Romam
506 1180 699 1218 vinctum
722 1179 880 1218 adduci
902 1180 1146 1218 nuntiatum
1169 1184 1244 1224 est,
1271 1178 1431 1217 Marius

79 1239 231 1279 consul
265 1239 423 1279 absens
451 1239 586 1278 iactus
616 1243 690 1284 est,
718 1243 758 1278 et
783 1239 821 1278 ei
844 1238 1015 1278 decreta
1036 1239 1260 1287 provincia
1281 1237 1433 1282 Gallia,

24 1304 59 1331 2³³
80 1300 203 1348 isque
241 1298 438 1338 kalendis
478 1298 684 1337 Ianuariis
724 1309 885 1347 magna
923 1297 1061 1347 gloria
1101 1297 1253 1337 consul
1289 1298 1433 1336 trium-

80 1358 241 1408 phavit.
287 1363 327 1397 et
360 1369 411 1397 ea
445 1362 702 1406 tempestate
737 1368 838 1406 spes
873 1361 1003 1406 atque
1038 1368 1146 1406 opes
1180 1357 1362 1396 civitatis
1390 1357 1432 1394 in
1461 1361 1484 1391 4

81 1417 154 1457 illo
182 1417 301 1456 sitae.

142 1510 157 1541 1
194 1519 289 1548 quae
388 1510 606 1548 patefecisse
638 1519 718 1542 cum
751 1509 943 1541 Dietschio
975 1510 1163 1549 ylossema
1196 1508 1436 1541 habendum?

142 1559 191 1588 ita
224 1559 335 1597 vulyo
367 1558 452 1589 secl.
528 1557 670 1589 occulta
703 1558 860 1595 pectoris
894 1553 944 1588 D¹
977 1557 1159 1588 occultare
1185 1559 1221 1588 et
1247 1557 1318 1588 oris
1344 1551 1435 1587 A¹N

85 1605 266 1637 occultare
304 1608 339 1636 et
378 1605 449 1636 oris
488 1605 777 1636 immutationem
811 1599 934 1636 A²CB
969 1604 1113 1636 occulta
1144 1605 1270 1642 specie
1303 1604 1374 1634 oris
1406 1602 1435 1634 T

85 1652 263 1684 occultam
291 1660 363 1683 rem
392 1655 426 1684 et
454 1652 524 1683 oris
551 1661 569 1683 s
649 1652 668 1683 2
698 1651 958 1690 patefecissent
984 1647 1103 1682 A¹Ns
1179 1651 1220 1682 12
1249 1659 1312 1689 per
1338 1651 1433 1682 idem

85 1704 229 1738 tempus
256 1700 384 1739 Pomp.
405 1708 560 1739 yrumm.
580 1699 607 1731 V
622 1702 694 1737 208,
711 1703 731 1731 6
805 1699 846 1731 13
873 1700 1021 1738 cipione
1049 1707 1066 1729 s
1087 1699 1254 1737 scipione
1275 1694 1436 1729 CBTD²

144 1744 206 1785 Μ.]
234 1745 299 1779 Cn.
319 1747 347 1778 T
424 1747 465 1778 14
492 1750 757 1778 contremuerat
777 1743 903 1778 A¹NT
925 1744 1051 1785 (-rant)
1073 1755 1090 1777 s
1112 1746 1328 1777 contremuit
1348 1740 1436 1777 A²c

86 1794 156 1826 BD
230 1795 403 1833 illincque
437 1803 454 1825 s
511 1795 596 1825 inde
623 1803 682 1826 om
708 1794 808 1826 NDs
909 1793 951 1825 16
978 1803 1058 1825 cum
1088 1793 1201 1825 Gallis
1222 1816 1253 1825 ..
1270 1817 1278 1825 .
1299 1796 1435 1824 certare

86 1841 208 1874 Diom.
227 1851 383 1881 yramm.
404 1841 421 1872 l
437 1845 564 1879 399,24
633 1839 711 1880 pro]
740 1842 786 1874 de
813 1842 869 1874 bis
895 1841 1017 1873 Diom.
1087 1841 1211 1873 certari
1238 1835 1288 1871 A¹
1314 1840 1436 1872 Diom.

147 1888 187 1920 21
218 1892 253 1920 et
280 1884 366 1920 A²T
391 1898 437 1920 ex
465 1888 636 1920 CBNDs
663 1898 733 1921 om.
755 1885 803 1920 A¹
