1593 2496
443 57 506 92 EX
535 56 782 94 HISTORIIS
811 56 890 93 OR.
913 57 1125 93 PHILIPPI
1380 65 1453 103 151

167 170 234 209 An
264 170 511 219 expectatis,
539 170 642 208 dum
672 169 858 208 exercitu
887 181 1030 209 rursus
1058 171 1236 210 admoto
1266 171 1372 210 ferro
1401 176 1459 210 at·
1477 175 1524 207 ιο

91 224 192 279 'que
214 229 389 268 flamma
416 228 565 268 urbem
594 228 799 268 invadat?
821 229 939 278 quod
962 229 1097 269 multo
1120 230 1297 279 propius
1320 235 1383 269 est
1404 231 1458 270 ab

108 300 160 329 eo
183 300 270 338 quo
293 289 425 339 agitat
445 292 569 334 statu,
591 299 722 337 quarn
745 299 797 327 ex
819 299 926 337 pace
948 293 988 327 et
1010 289 1243 328 concordia
1263 289 1318 328 ad
1341 300 1459 328 arma

108 348 260 387 civilia.
288 359 401 397 quae
428 347 498 387 ille
522 347 757 387 advorsum
779 347 927 386 divina
949 352 989 387 et
1010 348 1203 387 humana
1224 349 1371 388 omnia
1393 360 1460 387 ce«

64 417 81 442 5
108 408 179 457 pit,
206 418 294 446 non
323 418 399 456 pro
426 417 505 446 sua
529 411 602 446 aut
624 417 807 456 quorum
830 406 1005 446 simulat
1026 408 1190 454 iniuria,
1212 407 1290 447 sed
1312 407 1458 457 legum

107 477 157 505 ac
172 466 376 506 libertatis
392 466 728 506 subvortundae.
752 467 891 515 agitur
906 467 1021 505 enim
1038 477 1088 506 ac
1103 466 1311 506 laceratur
1326 467 1459 506 animi
1476 471 1516 502 11

107 525 310 575 cupidine
332 531 371 565 et
392 536 602 565 noxarum
625 530 753 571 metu,
780 537 933 574 expers
955 526 1119 573 consili,
1147 527 1329 576 inquies,
1351 526 1460 566 haec

107 590 237 634 atque
264 584 335 624 illa
357 585 767 634 temptansrmetuit
788 585 936 632 otium,
958 585 1048 625 odit
1069 585 1249 632 bellum;
1277 585 1378 624 luxu
1401 591 1459 624 at-

107 655 193 693 que
214 644 385 684 licentia
401 644 634 684 carendum
650 644 768 683 videt
784 649 915 694 atque
930 645 1097 684 interim
1113 645 1300 685 abutitur
1315 649 1460 684 vostra

54 713 87 739 10
108 703 319 743 socordia.
355 715 498 753 neque
526 703 629 742 mihi
658 704 760 743 satis
788 704 941 743 consili
964 710 1039 750 est,
1067 709 1229 744 metum
1258 715 1312 743 an
1341 705 1522 754 ignei-12

106 764 222 801 viam
244 774 298 802 an
321 763 585 802 dementiam
608 774 703 802 eam
726 763 956 812 appellem,
979 765 1051 813 qui
1067 764 1276 803 videmini
1294 760 1459 812 [i]tanta
1505 765 1506 768 ’

108 822 220 861 mala
242 823 366 872 quasi
381 822 543 862 fulmen
560 827 708 871 optare
724 834 771 862 se
786 823 972 872 quisque
988 835 1041 863 ne
1057 824 1249 873 attingat,
1271 823 1347 863 sed
1365 834 1459 872 pro-

107 881 255 921 hibere
282 893 336 921 ne
364 883 508 921 conari
537 881 726 931 quidem.

166 940 214 979 Et
241 952 407 990 quaeso
436 941 718 987 considerate,
746 952 877 990 quam
906 952 1120 981 convorsa
1141 953 1279 982 rerum
1308 944 1524 980 naturam·

53 1010 85 1035 15
107 1001 169 1039 sit.
192 1005 319 1039 antea
334 1000 495 1039 malum
513 1000 733 1049 publicum
750 1000 930 1047 occulte,
944 1001 1105 1040 auxilia
1121 1002 1264 1050 palam
1280 1002 1459 1040 instrue-

107 1060 271 1105 bantur,
301 1064 341 1098 et
369 1071 421 1098 eo
449 1060 552 1099 boni
580 1059 719 1099 malos
748 1059 872 1099 facile
899 1061 1137 1106 anteibant;
1165 1072 1280 1100 nunc
1307 1072 1391 1109 pax
1419 1065 1459 1100 et

107 1118 339 1158 concordia
361 1118 651 1158 disturbantur
671 1119 828 1168 palam,
851 1119 1140 1159 defenduntur
1161 1120 1339 1160 occulte.
1367 1121 1459 1169 qui-

106 1178 186 1216 bus
220 1177 292 1216 illa
325 1177 507 1226 placent,
541 1179 582 1217 in
611 1179 739 1217 armis
767 1183 876 1224 sunt,
909 1190 989 1218 vos
1018 1179 1059 1218 in
1088 1184 1216 1220 metu.
1257 1179 1360 1229 quid
1390 1190 1458 1218 ex·
1476 1181 1523 1214 14

107 1237 314 1285 pectatis‘?
335 1238 417 1276 nisi
445 1237 551 1276 forte
579 1237 712 1286 pudet
738 1242 811 1276 aut
838 1239 956 1288 piget
983 1243 1095 1278 recte
1122 1239 1273 1279 facere.
1307 1250 1360 1277 an
1384 1238 1459 1277 Le-

51 1305 86 1331 20
107 1295 195 1344 pidi
223 1296 428 1335 mandata
452 1297 623 1336 animos
646 1298 851 1336 movere?
872 1298 945 1347 qui
968 1297 1138 1346 placere
1159 1300 1216 1338 ait
1237 1309 1316 1337 sua
1337 1298 1459 1347 quoi-

106 1366 191 1403 que
218 1355 338 1394 reddi
366 1360 407 1395 et
428 1355 570 1395 aliena
590 1361 722 1401 tenet;
750 1356 850 1396 belli
873 1357 963 1396 iura
985 1358 1181 1404 rescindi,
1209 1369 1342 1407 quom
1365 1358 1459 1406 ipse

105 1415 234 1453 armis
256 1420 399 1464 cogat;
421 1415 637 1454 civitatem
660 1415 914 1461 confirmari,
936 1417 1093 1466 quibus
1115 1416 1364 1466 ademptam
1386 1428 1458 1456 ne-

105 1478 194 1522 gat;
217 1474 475 1513 concordiae
496 1475 631 1524 gratia
646 1475 915 1514 tribuniciam
935 1481 1193 1524 potestatem
1210 1476 1384 1521 restitui,
1407 1486 1458 1515 ex

106 1543 192 1581 qua
213 1544 366 1572 omnes
388 1533 630 1573 discordiae
649 1545 872 1574 accensae.
894 1546 1099 1583 pessume
1116 1536 1311 1575 omnium
1327 1539 1457 1584 atque
1475 1537 1523 1570 15

51 1601 86 1627 25
107 1592 495 1640 inpudentissume,
529 1593 661 1632 tibine
695 1598 866 1643 egestas
901 1595 1059 1633 civium
1094 1600 1135 1634 et
1162 1595 1301 1634 luctus
1331 1605 1457 1633 curae

105 1652 232 1690 sunt?
259 1652 362 1700 quoi
390 1651 495 1690 nihil
524 1657 585 1691 est
614 1652 732 1692 domi
759 1654 841 1692 nisi
868 1654 996 1692 armis
1020 1658 1187 1702 partum
1208 1659 1281 1693 aut
1303 1665 1377 1702 per
1398 1654 1458 1692 in·

106 1710 269 1749 iuriam.
302 1710 482 1750 alterum
511 1711 783 1750 consulatum
812 1713 934 1761 petis,
960 1713 1085 1761 quasi
1114 1713 1297 1762 primum
1319 1712 1458 1752 reddi-

105 1768 228 1815 deris,
262 1769 377 1809 bello
406 1770 682 1809 concordiam
712 1772 895 1820 quaeris,
929 1783 1015 1821 quo
1046 1777 1164 1820 parta
1186 1772 1457 1817 disturbatur,

105 1829 236 1867 nostri
259 1829 460 1877 proditor,
484 1830 573 1868 istis
594 1830 764 1876 infidus,
786 1831 922 1870 hostis
939 1832 1133 1870 omnium
1150 1832 1378 1871 bonorum.
1413 1835 1458 1870 ut

50 1895 86 1922 30
105 1891 146 1926 te
167 1899 311 1937 neque
332 1888 558 1928 hominum
582 1900 724 1938 neque
746 1889 925 1929 deorum
943 1890 1087 1938 pudet,
1107 1902 1217 1939 quos
1234 1902 1309 1939 per
1323 1890 1456 1929 fidem

104 1951 175 1984 aut
198 1947 381 1995 periurio
404 1948 593 1987 violasti!
610 1949 683 1997 qui
708 1949 885 1997 quando
908 1949 1004 1987 talis
1025 1961 1081 1992 es,
1105 1961 1283 1989 maneas
1300 1951 1342 1988 in
1359 1961 1456 1989 sen·
1474 1952 1517 1984 16

103 2007 235 2044 tentia
251 2008 483 2046 etretineas
493 2018 622 2052 arma,
638 2014 678 2046 te
690 2008 845 2053 hortor,
862 2019 946 2047 neu
958 2009 1224 2056 prolatandis
1234 2009 1456 2048 seditioni-

103 2064 196 2110 bus,
224 2066 394 2114 inquies
416 2067 520 2115 ipse,
542 2077 622 2106 nos
645 2067 686 2105 in
706 2067 997 2106 sollicitudine
1019 2069 1214 2108 attineas.
1248 2079 1393 2117 neque
1416 2072 1458 2107 te

103 2124 352 2171 provinciae
368 2136 511 2174 neque
526 2125 645 2175 leges
661 2137 804 2175 neque
820 2127 863 2165 di
882 2131 1060 2175 penates
1073 2127 1212 2166 civem
1225 2128 1455 2176 patiuntur.

48 2190 84 2217 35
104 2193 236 2232 perge
257 2194 343 2232 qua
364 2189 552 2233 coeptas,
574 2190 618 2224 ut
640 2196 771 2234 quam
793 2190 1055 2224 maturrume
1076 2187 1226 2225 merita
1240 2187 1454 2225 invenias

161 2241 251 2281 Vos
284 2247 441 2288 autem,
475 2248 615 2292 patres
650 2245 890 2293 conscripti,
924 2256 1012 2293 quo
1040 2256 1180 2294 usque
1207 2245 1516 2286 cunctandow

165 2311 202 2342 11
233 2312 303 2343 del.
326 2310 442 2344 Orelli
