1593 2496
337 32 403 68 Ex
431 31 679 69 HISTORIIS
707 32 858 69 EPIST.
880 33 1213 70 MITHRIDATIS
1368 41 1439 78 161

98 146 281 184 moranti
303 145 563 185 frumentum
580 144 726 190 defuit,
747 144 868 183 nullo
885 145 1042 184 circum
1060 145 1299 191 adnitente:
1319 147 1445 185 simul

98 204 237 244 hiems
264 205 370 243 mari
399 204 666 254 prohibebat.
694 205 751 243 ita
778 205 872 243 sine
898 205 941 242 vi
969 204 1159 243 hostium
1188 205 1354 254 regredi
1379 217 1447 245 co-

97 267 223 302 natus
246 264 287 302 in
309 264 493 312 patrium
518 274 698 312 regnum
721 263 956 311 naufragiis
978 263 1095 312 apud
1111 263 1282 302 Parium
1304 269 1344 303 et
1365 264 1447 304 He-

97 322 280 362 racleam
303 322 485 362 militum
508 326 712 372 optumos
734 334 831 361 cum
855 322 1068 361 classibus
1089 323 1226 362 amisi.
1254 324 1446 362 restituto
1466 330 1506 360 15

53 391 71 416 ⁵
98 381 257 421 deinde
284 382 400 431 apud
430 381 638 421 Caberam
667 383 854 421 exercitu
883 386 924 421 et
948 382 1078 420 variis
1099 382 1206 421 inter
1227 394 1296 422 me
1317 387 1447 432 atque

97 441 322 479 Lucullum
345 441 518 490 proeliis
541 442 689 490 inopia
710 453 853 480 rursus
874 441 1029 480 ambos
1050 442 1235 481 incessit.
1269 442 1328 480 illi
1349 442 1448 481 sub-

97 505 185 539 erat
206 511 386 550 regnum
401 500 705 540 Ariobarzanis
727 500 843 540 bello
867 502 1084 546 intactum,
1112 512 1196 550 ego
1218 502 1352 540 vastis
1373 502 1447 540 cir-

97 570 193 598 cum
211 560 415 599 omnibus
430 559 536 599 locis
558 561 600 598 in
615 559 865 599 Armeniam
882 561 1090 599 concessi.
1121 561 1347 610 secutique
1367 560 1447 600 Ro-

97 620 213 658 mani
228 630 317 658 non
334 630 415 665 me,
430 619 507 658 sed
523 631 688 658 morem
705 630 831 659 suom
849 620 996 658 omnia
1005 630 1138 669 regna
1147 620 1446 662 subvortundi,

45 687 76 711 w
98 678 201 726 quia
228 678 547 718 multitudinem
575 679 675 717 artis
702 678 809 718 locis
832 689 980 728 pugna
1006 679 1277 727 prohibuere,
1305 680 1446 728 inpru-

95 737 287 776 dentiam
315 737 511 787 Tigranis
539 749 615 787 pro
642 739 822 778 victoria
849 742 1079 778 ostentant.

154 796 279 836 Nunc
300 808 464 846 quaeso
487 798 726 843 considera,
747 797 874 837 nobis
897 798 1117 846 oppressis
1133 802 1273 837 utrum
1289 798 1446 838 firmio-
1466 804 1507 834 16

95 867 183 896 rem
205 861 245 895 te
261 856 315 895 ad
332 857 622 896 resistundum
638 868 692 895 an
712 856 843 895 finem
860 856 961 896 belli
977 856 1163 895 futurum
1180 858 1335 906 putes?
1356 859 1452 897 scio

95 915 300 965 equidem
319 916 393 955 tibi
410 927 592 965 magnas
607 927 715 964 opes
729 917 932 961 virorum,
947 927 1164 955 armorum
1181 918 1320 956 etauri
1332 928 1446 960 esse:

43 983 75 1008 15
96 979 136 1013 et
164 985 215 1014 ea
241 986 284 1014 re
311 986 336 1013 a
362 975 489 1015 nobis
516 975 571 1013 ad
594 976 861 1020 societatem,
888 975 943 1014 ab
965 975 1047 1014 illis
1069 976 1124 1014 ad
1146 976 1353 1025 praedam
1376 988 1446 1026 pe-

95 1034 204 1073 teris.
227 1039 413 1073 ceterum
437 1034 665 1073 consilium
688 1038 763 1080 est,
784 1034 981 1084 Tigranis
1003 1046 1137 1084 regno
1154 1036 1320 1085 integro
1338 1036 1445 1075 meis

95 1092 300 1132 militibus
327 1092 457 1142 <belli
485 1090 798 1142 prudentibus>
825 1094 973 1142 procul
995 1095 1050 1133 ab
1072 1094 1206 1134 domo
1229 1106 1364 1143 parvo
1389 1095 1446 1134 la-

96 1152 198 1192 bore
219 1163 294 1201 per
313 1157 460 1192 nostra
480 1164 661 1201 corpora
682 1153 844 1192 bellum
867 1153 1092 1199 conficere,
1113 1150 1280 1203 quo[m]
1303 1166 1447 1204 neque

94 1211 265 1250 vincere
292 1222 436 1260 neque
456 1212 570 1250 vinci
597 1213 691 1251 sine
712 1218 786 1251 tuo
810 1212 1000 1261 periculo
1023 1224 1271 1262 possumus.
1305 1225 1360 1252 an
1385 1214 1446 1263 ig·
1464 1220 1505 1250 17

39 1277 74 1304 20
94 1281 221 1310 noras
251 1270 484 1315 Romanos,
518 1277 750 1320 postquam
778 1272 833 1310 ad
867 1272 1137 1312 occidentem
1166 1273 1445 1322 pergentibus

94 1329 225 1368 finem
242 1329 445 1369 Oceanus
469 1330 577 1375 fecit,
598 1341 718 1369 arma
738 1331 822 1370 huc
844 1332 1143 1371 convortisse?
1163 1343 1308 1381 neque
1329 1333 1445 1381 quic-

93 1399 225 1437 quam
253 1400 278 1427 a
304 1390 515 1438 principio
537 1390 618 1428 nisi
642 1394 809 1439 raptum
832 1390 1004 1436 habere,
1031 1391 1212 1430 domum
1234 1392 1445 1442 coniuges

94 1458 223 1497 agros
250 1448 510 1497 imperium?
538 1460 759 1488 convenas
787 1449 890 1488 olim
912 1450 1006 1489 sine
1027 1451 1163 1499 patria
1184 1451 1445 1499 parentibus,

95 1511 216 1556 peste
243 1507 442 1547 conditos
465 1508 580 1547 orbis
601 1513 823 1554 terrarum;
851 1509 1010 1558 quibus
1032 1521 1120 1549 non
1142 1509 1336 1549 humana
1357 1510 1445 1548 ulla

39 1573 74 1599 25
93 1577 236 1615 neque
265 1566 412 1605 divina
439 1567 623 1613 obstant,
651 1568 754 1617 quin
782 1569 928 1607 socios
949 1569 1126 1615 amicos,
1154 1569 1303 1618 procul
1326 1570 1443 1608 iuxta

93 1626 211 1671 sitos,
244 1626 399 1674 inopes
427 1627 704 1676 potentisque
731 1628 900 1666 trahant
928 1628 1170 1673 excindant,
1207 1629 1443 1677 omniaque

93 1695 181 1724 non
214 1696 339 1724 serva
366 1690 406 1724 et
433 1697 636 1725 maxume
662 1697 796 1736 regna
828 1686 1002 1726 hostilia
1034 1687 1222 1726 ducant?
1250 1699 1440 1737 namque
1458 1693 1500 1723 18

94 1744 219 1792 pauci
253 1744 504 1790 libertatem,
542 1756 638 1793 pars
672 1756 833 1794 magna
867 1747 1004 1785 iustos
1038 1746 1242 1785 dominos
1275 1746 1445 1789 volunt:

93 1814 174 1842 nos
201 1804 391 1852 suspecti
419 1815 569 1843 sumus
596 1804 756 1843 aemuli
788 1809 829 1844 et
856 1805 898 1843 in
926 1810 1121 1854 tempore
1148 1805 1343 1845 vindices
1370 1806 1443 1845 ad-

38 1868 74 1896 30
93 1861 231 1901 futuri.
255 1867 299 1901 tu
319 1874 436 1908 vero,
457 1864 560 1912 quoi
577 1862 800 1909 Seleucea,
821 1875 1027 1903 maxuma
1042 1865 1224 1910 urbium,
1246 1876 1445 1915 regnum·
1465 1865 1506 1896 ¹9

93 1932 180 1969 que
200 1921 386 1961 Persidis
408 1922 578 1961 inclutis
600 1923 760 1961 divitiis
788 1927 863 1968 est,
891 1923 995 1972 quid
1017 1923 1072 1962 ab
1094 1924 1176 1962 illis
1197 1924 1278 1963 nisi
1295 1924 1444 1964 dolum

151 2003 172 2034 5
198 2003 290 2034 inter
310 2026 318 2035 .
333 2026 342 2035 .
356 2026 365 2035 .
385 2004 535 2036 incessit
557 2003 668 2036 Char.
688 2014 848 2043 yramm.
869 2005 885 2035 Ι
905 2008 974 2044 119,
991 2008 1027 2036 11
1103 2005 1124 2036 6
1146 2004 1307 2044 proeliis]
1330 2014 1445 2046 prope

95 2049 206 2082 Char.
276 2050 318 2082 13
339 2052 416 2082 scio
431 2074 440 2083 .
453 2075 462 2083 .
479 2075 487 2083 .
503 2049 579 2090 (18)
594 2051 778 2083 conficere
795 2050 906 2084 Char.
921 2061 1079 2091 yramm.
1093 2053 1110 2084 Ι
1128 2056 1199 2091 196,
1215 2056 1255 2085 18
1318 2053 1360 2085 15
1381 2062 1443 2093 pe-

94 2097 191 2128 tieris
219 2096 331 2129 Char.
408 2098 448 2129 17
477 2100 565 2131 add.
589 2098 700 2131 Char.
759 2108 870 2138 parvo
898 2100 1023 2131 labore
1044 2109 1114 2132 om.
1138 2100 1250 2133 Char.
1316 2100 1359 2132 18
1373 2102 1443 2133 del.

94 2143 252 2176 Gerlach
351 2144 395 2176 22
435 2149 575 2185 raptum
616 2145 838 2178 ciacconius
878 2151 1018 2184 partum
1053 2147 1085 2179 V
1159 2147 1205 2179 24
1245 2150 1350 2187 peste
1375 2171 1384 2180 .
1405 2171 1414 2180 .

93 2194 261 2223 terrarum
277 2191 378 2224 Serv.
392 2192 479 2225 Aen.
496 2197 523 2231 7,
533 2197 596 2225 303
611 2191 767 2232 (pestem
783 2189 895 2224 codd.
911 2189 974 2224 AS
988 2192 1121 2234 Ser-vil)
1172 2195 1344 2227 conditos
1357 2195 1389 2227 V
1409 2199 1445 2228 et

93 2235 202 2268 codd.
224 2234 286 2269 As
312 2238 430 2271 Servii
461 2241 627 2272 conditor
659 2242 737 2273 rell.
759 2243 865 2273 codd.
898 2240 1017 2274 Servii
1102 2242 1143 2275 31
1180 2242 1269 2282 quid
1290 2265 1299 2274 .
1321 2266 1330 2275 .
1352 2266 1361 2275 .
1381 2251 1443 2274 ex—

93 2288 217 2323 pectas
243 2286 349 2318 Arus.
370 2296 527 2326 yramm.
546 2287 604 2319 VII
627 2291 698 2326 487,
714 2292 735 2320 6
