1593 2496
110 50 167 89 44
544 44 584 82 C.
605 44 848 81 SALLUSTI
876 44 1033 82 CRISPI

53 159 99 192 28
114 157 174 197 illi
207 168 326 196 arma
358 157 561 207 ceperint,
593 157 636 196 in
668 157 885 196 miseriam
919 162 1154 197 convortat.
1200 159 1361 198 scilicet
1392 170 1457 199 res

113 216 210 266 ipsa
242 227 397 266 aspera
425 221 499 261 est,
533 215 611 256 sed
637 226 718 255 vos
744 227 833 256 non
860 216 1019 256 timetis
1046 228 1155 257 eam.
1194 219 1328 257 immo
1354 229 1457 258 vero

112 286 330 315 maxume.
369 275 448 315 sed
481 275 632 315 inertia
659 279 700 314 et
726 275 908 315 mollitia
934 276 1065 315 animi
1093 276 1203 316 alius
1229 277 1362 316 alium
1390 288 1459 317 ex-

113 339 338 385 pectantes
371 334 653 380 cunctamini,
691 333 894 374 videlicet
928 334 994 374 dis
1027 335 1327 375 inmortalibus
1360 347 1459 376 con-

113 394 193 440 fisi,
233 394 306 444 qui
343 393 456 433 hanc
488 404 577 433 rem
611 393 830 442 publicam
864 405 997 443 saepe
1030 394 1073 433 in
1106 396 1320 434 maxumis
1353 395 1460 444 peri-
1497 403 1514 428 5

51 455 99 487 29
114 453 219 494 culis
259 463 499 493 servavere.
545 463 632 493 non
666 453 778 492 votis
812 464 956 502 neque
989 452 1212 502 suppliciis
1245 453 1460 493 muliebri-

112 513 195 553 bus
222 512 383 552 auxilia
409 512 591 552 deorum
619 516 839 561 parantur;
866 511 1103 561 vigilando,
1131 513 1320 563 agundo,
1347 513 1459 553 bene

114 570 389 612 consulundo
427 582 635 620 prospera
668 571 816 610 omnia
848 571 1017 611 cedunt.
1057 571 1130 611 ubi
1164 572 1391 612 socordiae
1419 576 1460 611 te

113 636 244 681 atque
290 631 492 680 ignaviae
530 629 768 679 tradideris,
808 631 1076 680 nequiquam
1113 631 1220 671 deos
1253 631 1460 680 inplores:

54 691 100 724 30
115 691 208 730 irati
243 689 474 739 infestique
501 694 612 729 sunt.
648 688 765 738 apud
793 690 979 729 maiores
1007 695 1177 730 nostros
1205 689 1253 730 Α.
1274 689 1460 730 Manlius
1482 696 1515 723 10

115 749 360 799 Torquatus
394 748 509 788 bello
544 747 711 788 Gallico
745 747 880 787 filium
916 760 1054 795 suom,
1094 749 1212 798 quod
1247 750 1282 788 is
1315 754 1463 789 contra

56 810 99 842 31
118 809 347 858 imperium
380 809 423 847 in
456 808 627 848 hostem
662 812 943 857 pugnaverat,
982 809 1125 847 necari
1160 809 1293 854 iussit,
1332 813 1462 858 atque

116 868 186 908 ille
214 868 415 918 egregius
442 866 701 907 adulescens
730 867 1026 906 inmoderatae
1047 867 1306 907 fortitudinis
1327 872 1463 907 morte

115 938 283 977 poenas
310 926 447 972 dedit;
473 937 554 966 vos
582 926 636 966 de
664 925 991 966 crudelissumis
1013 927 1233 975 parricidis
1256 926 1360 976 quid
1382 930 1464 966 sta‘

114 987 260 1032 tuatis,
301 986 591 1025 cunctamini?
628 984 829 1025 videlicet
869 990 1009 1025 cetera
1046 986 1134 1025 vita
1173 997 1323 1026 eorum
1363 986 1516 1025 huic15

55 1046 101 1079 32
115 1045 266 1087 sceleri
300 1045 456 1086 obstat.
496 1056 647 1084 verum
682 1045 841 1094 parcite
869 1045 1069 1094 dignitati
1094 1044 1274 1091 Lentuli,
1307 1045 1343 1084 si
1370 1045 1464 1094 ipse

115 1105 362 1155 pudicitiae,
383 1105 419 1144 si
440 1104 582 1144 lamae
603 1115 722 1150 suae,
744 1104 778 1142 si
801 1103 867 1143 dis
888 1108 961 1143 aut
981 1103 1233 1144 hominibus
1255 1114 1464 1153 umquam

56 1164 103 1198 33
118 1165 217 1204 ullis
263 1165 464 1214 pepercit.
523 1164 735 1213 ignoscite
775 1162 954 1212 Cethegi
995 1162 1336 1209 adulescentiae,
1382 1163 1464 1202 nisi

116 1226 268 1264 iterum
297 1224 459 1273 patriae
487 1222 649 1262 bellum
677 1221 786 1262 fecit.
827 1233 927 1261 nam
956 1222 1058 1271 quid
1082 1233 1165 1272 ego
1188 1222 1242 1262 de
1264 1221 1465 1267 Gabinio,

56 1284 101 1315 34
117 1282 303 1327 Statilio,
344 1282 554 1332 Caepario
593 1281 776 1332 loquar?
826 1282 985 1331 quibus
1026 1282 1060 1320 si
1101 1282 1334 1331 quicquam
1374 1288 1519 1320 um-20

119 1353 249 1393 quam
295 1343 419 1391 pensi
465 1341 632 1387 fuisset,
678 1352 765 1381 non
807 1352 858 1380 ea
897 1340 1078 1380 consilia
1118 1340 1171 1379 de
1211 1351 1255 1380 re
1294 1340 1468 1389 publica

59 1402 106 1434 35
121 1402 388 1441 habuissent.
434 1405 672 1450 postremo,
706 1405 847 1450 patres
882 1401 1121 1448 conscripti,
1155 1400 1189 1438 si
1224 1398 1468 1439 mehercule

119 1466 297 1510 peccato
332 1459 454 1500 locus
490 1465 615 1505 esset,
650 1459 773 1499 facile
807 1464 973 1508 paterer
1004 1470 1085 1498 vos
1113 1460 1208 1507 ipsa
1235 1470 1277 1498 re
1305 1459 1468 1508 corrigi,

119 1521 329 1570 quoniam
363 1519 492 1559 verba
529 1519 816 1558 contemnitis.
857 1518 935 1557 sed
970 1518 1162 1567 undique
1191 1518 1467 1557 circumventi

120 1591 283 1618 sumus.
325 1577 508 1618 Catilina
535 1590 631 1618 cum
661 1579 848 1617 exercitu
876 1577 1073 1616 faucibus
1101 1582 1241 1626 urget,
1268 1576 1339 1615 alii
1362 1577 1470 1615 intra
1489 1582 1524 1608 25

118 1639 297 1679 moenia
330 1642 460 1687 atque
494 1638 536 1676 in
564 1638 660 1676 sinu
690 1637 806 1676 urbis
834 1641 932 1676 sunt
960 1637 1125 1681 hostes;
1161 1647 1305 1685 neque
1333 1636 1469 1685 parari

123 1709 267 1747 neque
308 1696 474 1737 consuli
514 1697 748 1746 quicquam
789 1701 931 1745 potest
970 1695 1154 1735 occulte:
1203 1706 1289 1743 quo
1330 1695 1470 1743 magis

124 1756 445 1806 properandum
473 1761 549 1795 est.

62 1826 105 1857 36
183 1815 327 1859 Quare
363 1827 444 1865 ego
480 1816 537 1854 ita
570 1826 742 1859 censeo,
777 1826 910 1862 quom
939 1814 1101 1853 nefario
1131 1813 1313 1852 consilio
1342 1811 1474 1852 scele-

186 1923 201 1953 1
232 1924 418 1953 convertat
445 1920 573 1952 VPAl
601 1923 829 1952 convertatur
856 1918 1114 1951 CBKMTnm
1141 1920 1255 1949 vertat
1280 1913 1371 1948 ND²
1396 1925 1473 1949 ver-

124 1973 216 2001 tatur
236 1964 388 2000 HD¹Fs
456 1968 477 1999 6
498 1976 572 1999 non
589 1992 596 1998 .
613 1990 621 1998 .
636 1991 644 1998 .
660 1965 736 2005 (10)
758 1970 842 1998 sunt
861 1966 961 1999 Serv.
975 1975 1101 2005 yeory,
1115 1969 1145 2003 3,
1160 1969 1222 1996 456
1290 1964 1308 1995 7
1324 1965 1472 1996 deorum

124 2016 260 2048 auxilia
293 2018 549 2054 comparantur
581 2014 683 2047 Serv.
759 2011 922 2053 agundo]
951 2013 1154 2044 laborando
1181 2012 1279 2043 Serv.
1380 2012 1473 2043 bene

124 2072 228 2096 cons.
249 2073 319 2094 om.
341 2062 440 2094 Serv.
509 2062 529 2094 8
551 2070 724 2101 prospere
745 2061 901 2093 VAMF
921 2059 1031 2099 Seru,
1052 2061 1140 2099 fort.
1157 2061 1253 2091 reete
1323 2059 1361 2089 11
1386 2066 1472 2090 con-

124 2115 175 2142 tra
191 2133 200 2142 .
216 2134 224 2141 .
241 2134 248 2142 .
271 2113 497 2149 pugnaverat
529 2110 636 2141 Aras.
666 2118 825 2148 gramm.
844 2108 902 2140 Vll
924 2111 996 2146 503,
1011 2112 1025 2138 1
1128 2106 1170 2138 16
1202 2114 1288 2137 vero
1326 2100 1473 2137 VPA¹1

187 2158 228 2189 17
257 2155 330 2195 aut]
359 2161 468 2196 atque
494 2152 660 2189 VP‘2Bm
768 2155 810 2186 19
837 2156 962 2187 iterum
989 2154 1227 2186 VPBKHls
1254 2154 1290 2184 it.
1311 2154 1382 2184 iam
1403 2151 1474 2183 Ac

124 2206 197 2237 an
230 2205 379 2237 alterum
414 2205 485 2235 iam
519 2212 542 2236 n
640 2203 685 2235 20
718 2202 860 2235 Statilio
889 2201 1050 2233 Gabinio
1085 2201 1134 2233 Vl
1171 2201 1216 2232 22
1250 2199 1474 2232 mehercules

124 2250 239 2284 P¹sm
313 2251 356 2283 27
372 2252 513 2284 occulte
529 2253 650 2289 potest
664 2250 695 2282 V
769 2249 814 2281 29
830 2258 940 2288 quare
957 2272 964 2280 .
981 2272 989 2280 .
1005 2272 1013 2279 .
1029 2257 1165 2281 censeo
1186 2247 1375 2287 Eum-aph.
1394 2246 1474 2278 Ter.

124 2300 216 2333 Eun.
230 2302 310 2331 1072
359 2307 430 2338 ego
452 2299 500 2329 ita
520 2306 656 2330 censeo
677 2297 801 2329 VPBl
822 2297 871 2328 ita
892 2305 962 2335 ego
979 2305 1006 2327 c.
1024 2297 1102 2328 rell.
1118 2304 1188 2335 ego
1203 2304 1273 2327 om.
1285 2294 1474 2333 Eum-aph.
