1593 2496
377 37 650 75 CATILINAE
677 37 994 74 CONIURATIO
1022 42 1160 73 43—47
1385 43 1440 83 33

91 151 255 191 Mulvio
294 162 367 200 per
404 150 583 190 insidias
616 150 903 200 Allobrogum
938 151 1167 190 comitatus
1201 150 1440 199 deprehen-

92 210 206 250 dant.
252 221 340 250 rem
378 221 554 250 omnem
592 211 739 259 aperit,
778 211 936 259 quoius
973 210 1109 259 gratia
1146 210 1440 254 mittebantur:

91 275 242 315 cetera,
276 270 335 309 uti
369 270 481 309 iacto
515 280 627 319 opus
661 270 724 315 sit,
758 270 816 308 ita
848 273 980 319 agant
1007 269 1219 317 permittit.
1266 268 1336 315 illi,
1365 269 1439 309 ho-
1469 271 1492 302 2

90 330 229 369 mines
256 328 472 375 militares,
499 329 593 368 sine
619 328 804 368 tumultu
833 328 1058 378 praesidiis
1087 327 1336 374 conlocatis,
1362 329 1440 367 sic-

53 389 149 428 5uti
190 393 467 438 praeceptum
508 392 608 434 erat,
647 387 814 428 occulte
847 392 1024 437 pontem
1060 387 1278 427 obsidunt.
1324 395 1439 436 post-
1467 390 1488 420 3

90 458 222 497 quam
250 447 305 487 ad
333 447 375 486 id
397 447 480 487 loci
502 447 633 497 legati
656 459 753 487 cum
774 446 995 487 Volturcio
1016 452 1227 486 venerunt
1249 452 1289 486 et
1310 447 1437 485 simul

90 507 305 556 utrimque
332 507 495 546 clamor
521 511 693 546 exortus
716 512 791 552 est,
819 505 930 546 Galli
952 507 1036 546 cito
1059 507 1233 556 cognito
1256 506 1438 546 consilio

90 566 183 605 sine
199 577 320 606 mora
335 566 605 616 praetoribus
621 577 668 606 se
683 566 866 612 tradunt,
877 565 1122 606 Volturcius
1138 566 1276 614 primo
1290 565 1439 605 cohor·
1467 568 1488 598 ⁴

89 630 201 665 tatus
235 631 400 665 ceteros
427 625 574 675 gladio
603 637 650 665 se
676 637 702 665 a
728 625 1003 665 multitudine
1030 624 1235 671 defendit,
1267 625 1439 670 deinde,

37 689 70 717 ¹0
90 684 162 724 ubi
195 696 221 724 a
254 684 407 734 legatis
440 684 636 724 desertus
671 690 745 731 est,
781 685 916 724 multa
951 685 1066 734 prius
1100 684 1154 723 de
1187 683 1326 724 salute
1358 696 1439 723 sua

89 743 367 793 Pomptinum
404 744 656 790 obtestatus,
693 744 811 794 quod
846 745 884 783 ei
918 748 1047 784 notus
1081 748 1181 789 erat,
1217 748 1437 792 postremo

87 803 264 842 timidus
292 814 343 842 ac
368 804 484 843 vitae
512 803 716 843 diffidens
742 803 861 843 velut
889 803 1089 843 hostibus
1117 814 1215 842 sese
1236 804 1438 852 praetori-

88 863 169 901 bus
195 862 325 903 dedit.

150 921 320 965 Quibus
348 922 479 962 rebus
515 922 724 962 confectis
760 923 908 961 omnia
943 933 1126 971 propere
1154 933 1228 971 per
1259 918 1506 962 nuntios—{6

35 986 68 1012 15
88 981 256 1020 consuli
284 980 566 1021 declarantur.
605 986 648 1021 at
675 981 794 1020 illum
823 982 978 1031 ingens
1003 992 1103 1020 cura
1124 986 1255 1030 atque
1276 981 1437 1020 laetitia
1466 982 1484 1013 2

89 1040 215 1079 simul
256 1051 538 1090 occupavere.
583 1052 683 1080 nam
721 1040 961 1080 laetabatur
997 1040 1254 1090 intellegens
1291 1041 1438 1080 coniu-

87 1100 253 1139 ratione
275 1100 488 1149 pateiacta
509 1101 725 1139 civitatem
749 1100 948 1149 periculis
965 1104 1156 1149 ereptam
1173 1111 1288 1145 esse:
1311 1111 1436 1149 porro

87 1163 230 1198 autem
264 1160 419 1198 anxius
446 1164 535 1198 erat
562 1159 779 1205 dubitans,
814 1160 855 1198 in
883 1170 1091 1199 maxumo
1119 1159 1281 1199 scelere
1308 1160 1436 1198 tantis

87 1218 253 1257 civibus
275 1218 559 1268 deprehensis
580 1219 684 1268 quid
706 1219 817 1258 facto
841 1230 954 1268 opus
975 1224 1106 1258 esset:
1134 1230 1322 1268 poenam
1346 1218 1436 1258 illo-

35 1282 69 1309 20
92 1289 183 1316 rum
207 1278 289 1317 sibi
318 1279 745 1327 oneri‚inpunitatem
768 1278 1021 1327 perdundae
1042 1279 1100 1317 rei
1123 1278 1324 1327 publicae
1345 1278 1435 1318 fore

89 1336 302 1376 credebat.
330 1338 458 1387 igitur
487 1337 742 1377 confirmato
770 1338 918 1377 animo
944 1338 1091 1377 vocari
1119 1338 1174 1376 ad
1196 1348 1294 1376 sese
1316 1337 1434 1376 iubet
1462 1337 1484 1369 3

90 1395 596 1446 Lentulum,Cethegum,
617 1395 845 1443 Statilium,
867 1396 1102 1436 Gabinium
1125 1397 1316 1446 itemque
1331 1396 1435 1437 Cae-

90 1456 255 1503 parium
283 1455 649 1501 Terracinensem,
683 1457 757 1505 qui
791 1457 833 1494 in
860 1456 1065 1505 Apuliam
1093 1456 1148 1495 ad
1176 1456 1435 1495 concitanda

88 1515 261 1553 servitia
300 1515 513 1564 proficisci
553 1515 743 1564 parabat.
789 1516 915 1555 ceteri
952 1516 1046 1555 sine
1082 1526 1203 1555 mora
1237 1516 1434 1561 veniunt;
1463 1514 1484 1546 4

35 1579 71 1605 25
92 1572 340 1622 Caeparius,
369 1574 501 1623 paulo
530 1579 632 1614 ante
660 1574 792 1614 domo
821 1585 1034 1624 egressus,
1069 1575 1244 1624 cognito
1273 1574 1433 1614 indicio

87 1643 139 1671 ex
160 1633 265 1672 urbe
287 1634 544 1683 profugerat.
572 1633 723 1674 consul
739 1633 980 1679 Lentulum,
1003 1634 1121 1683 quod
1144 1638 1313 1683 praetor
1334 1638 1433 1679 erat,
1462 1635 1483 1665 5

87 1692 180 1740 ipse
213 1703 344 1732 manu
377 1697 531 1732 tenens
564 1694 606 1732 in
640 1697 839 1733 senatum
874 1693 1078 1742 perducit,
1112 1693 1301 1742 reliquos
1335 1704 1431 1732 cum

87 1751 341 1791 custodibus
363 1753 405 1791 in
427 1752 583 1792 aedem
605 1751 875 1792 Concordiae
895 1753 1043 1792 venire
1065 1753 1194 1792 iubet.
1234 1763 1286 1792 eo
1309 1763 1431 1792 sena·
1461 1753 1480 1782 «5

87 1815 176 1849 tum
204 1810 390 1851 advocat
417 1823 667 1861 magnaque
694 1812 933 1861 frequentia
961 1813 1054 1851 eius
1082 1812 1244 1851 ordinis
1264 1811 1433 1852 Voltur-

31 1874 66 1901 30
86 1869 200 1908 cium
233 1881 330 1909 cum
364 1870 517 1920 legatis
552 1871 792 1917 introducit,
825 1871 1025 1910 Flaccum
1060 1876 1300 1920 praetorem
1335 1871 1433 1910 scri-

86 1928 205 1967 nium
221 1940 318 1968 cum
334 1929 494 1976 litteris,
509 1941 619 1979 quas
634 1941 659 1969 a
674 1930 828 1980 legatis
843 1935 1079 1979 acceperat,
1095 1930 1251 1970 eodem
1267 1930 1433 1970 adferre

86 1987 215 2027 iubet.
246 1987 490 2028 Volturcius
517 1990 802 2039 interrogatus
830 1990 884 2029 de
905 1991 1066 2035 itinere,
1093 1989 1148 2029 de
1169 1989 1328 2035 litteris,
1355 2000 1430 2038 po·
1447 1997 1503 2034 47

86 2051 244 2086 stremo
273 2048 376 2096 quid
404 2053 478 2088 aut
504 2060 591 2098 qua
618 2048 672 2088 de
700 2060 832 2088 causa
854 2048 1006 2088 consili
1029 2048 1265 2095 habuisset,
1292 2050 1431 2097 primo

87 2105 250 2155 fingere
275 2107 371 2152 alia,
399 2107 672 2147 dissimulare
699 2107 754 2147 de
781 2108 1097 2153 coniuratione;
1125 2112 1223 2157 post
1250 2108 1323 2147 ubi
1344 2108 1431 2147 fide

145 2199 165 2230 3
198 2200 248 2230 illi
280 2196 579 2232 P³AKMTF²m
607 2202 676 2232 illis
703 2202 781 2233 rell.
866 2202 910 2232 22
937 2200 1111 2239 itemque}
1140 2202 1224 2233 item
1246 2202 1430 2240 quendam

85 2245 190 2277 ACT
224 2247 385 2286 itemque
412 2248 595 2287 quendam
628 2248 664 2279 M
762 2249 806 2280 34
839 2248 925 2281 fidei
959 2258 992 2288 p.
1020 2245 1108 2280 BN¹
1142 2249 1228 2280 fidei
1262 2249 1431 2287 publicae

86 2288 281 2325 C¹HDF¹l
308 2294 381 2326 fide
407 2296 616 2334 praedicere
641 2291 693 2327 Α1
