1593 2496
163 85 244 125 108
586 78 625 115 C.
647 78 889 116 SALLUSTl
917 79 1075 116 CRISPI

158 192 244 246 iam
260 191 490 231 abnuentis
504 192 654 232 omnia
669 192 797 231 docet
812 192 1023 241 oppidum
1035 191 1204 242 Vagam
1219 204 1308 232 non
1321 193 1509 242 amplius

157 250 274 290 mille
296 262 505 300 passuum
526 251 694 297 abesse,
717 251 869 290 decere
888 251 985 291 illos
1001 251 1213 300 reliquom
1229 251 1423 291 laborem
1438 264 1508 292 ae-

158 314 246 360 quo
273 311 419 350 animo
449 311 548 359 pati,
576 310 679 350 dum
708 321 784 360 pro
810 311 976 350 civibus
998 311 1099 356 suis,
1125 312 1228 350 viris
1249 311 1508 351 fortissumis

155 373 287 419 atque
314 369 589 415 miserrumis,
618 380 784 419 poenas
809 375 1029 419 caperent;
1058 374 1279 419 praeterea
1300 370 1506 419 praedam

110 433 130 463 4
157 428 347 478 benigne
376 432 573 468 ostentat.
607 429 668 468 sic
694 429 851 468 animis
879 440 1029 468 eorum
1057 429 1241 468 adrectis
1268 431 1437 478 equites
1465 431 1507 469 in
1538 438 1556 465 5

158 488 296 537 primo
325 488 421 533 late,
453 488 620 536 pedites
648 499 779 537 quam
807 488 1034 528 artissume
1063 489 1120 527 ire
1149 493 1189 527 et
1215 489 1340 537 signa
1367 488 1508 528 occul-

90 547 247 586 69tare
275 547 404 586 iubet.
436 546 663 596 Vagenses
690 547 762 586 ubi
790 548 984 586 animum
1012 548 1241 587 advortere
1267 547 1323 586 ad
1345 558 1392 587 se
1412 559 1509 587 vor-

157 617 253 645 sum
287 607 519 645 exercitum
556 617 744 656 pergere,
779 607 928 655 primo,
962 608 1022 646 uti
1058 610 1146 646 erat
1173 617 1251 652 reS,
1284 606 1506 646 Metellum

157 676 253 704 esse
275 666 350 704 rati
372 669 518 714 portas
540 665 751 710 clausere;
774 665 933 705 deinde
955 667 1027 705 ubi
1047 676 1190 715 neque
1205 676 1333 715 agros
1348 666 1507 705 vastari

157 728 197 763 et
224 735 311 770 eos,
340 726 412 774 qui
441 725 564 774 primi
592 725 782 769 aderant,
810 724 1021 764 Numidas
1044 726 1212 775 equites
1233 725 1395 771 vident,
1423 737 1507 764 rur·
1528 733 1562 761 10

154 794 251 823 sum
272 783 520 833 Iugurtham
548 784 736 823 arbitrati
765 795 861 823 cum
890 795 1050 834 magno
1079 784 1242 834 gaudio
1271 784 1389 824 obvii
1412 795 1508 833 pro-

106 844 129 878 2
155 842 325 883 cedunt.
359 844 527 892 equites
556 843 813 892 peditesque
840 849 1017 892 repente
1045 844 1170 893 signo
1199 843 1300 883 dato
1324 843 1395 882 alii
1415 843 1507 883 vol-

153 912 257 951 gum
292 901 475 941 effusum
511 903 676 951 oppido
708 902 901 948 caedere,
934 903 1006 942 alii
1033 903 1089 942 ad
1119 907 1265 952 portas
1292 902 1507 949 festinare,

154 972 252 1010 pars
274 962 394 1000 turris
417 972 588 1010 capere:
610 962 670 1001 ira
690 966 821 1011 atque
843 962 1032 1010 praedae
1054 973 1154 1011 spes
1170 961 1358 1011 amplius
1374 972 1505 1011 quarn

107 1024 126 1055 3
154 1020 364 1060 lassitudo
387 1032 530 1070 posse.
564 1022 621 1060 ita
642 1020 868 1071 Vagenses
889 1021 1070 1061 biduom
1093 1021 1227 1061 modo
1251 1032 1303 1060 ex
1325 1020 1506 1070 perfidia
1527 1029 1560 1056 15

153 1079 316 1125 laetati;
337 1080 487 1119 civitas
509 1091 669 1129 magna
684 1084 725 1120 et
741 1080 926 1129 opulens
941 1084 1094 1119 cuncta
1110 1091 1282 1130 poenae
1297 1084 1371 1119 aut
1386 1091 1506 1129 prae-

105 1143 126 1173 4
154 1138 237 1178 dae
270 1138 356 1178 fuit„
397 1139 625 1188 Turpilius,
660 1151 790 1189 quem
818 1139 1081 1188 praefectum
1110 1139 1261 1188 oppidi
1289 1151 1424 1178 unum
1453 1150 1504 1178 ex

154 1198 357 1238 omnibus
386 1198 630 1248 profugisse
654 1210 784 1248 supra
805 1199 1089 1244 ostendimus,
1116 1200 1261 1238 iussus
1282 1209 1308 1237 a
1328 1198 1503 1238 Metello

153 1268 330 1296 causam
350 1257 503 1303 dicere,
526 1262 759 1308 postquam
775 1269 872 1297 sese
888 1269 1039 1306 parum
1057 1262 1277 1307 expurgat,
1299 1257 1503 1297 condem-

152 1322 279 1356 natus
305 1317 644 1367 verberatusque
672 1317 812 1366 capite
840 1328 1006 1366 poenas
1034 1317 1180 1363 solvit;
1208 1328 1309 1355 nam
1337 1317 1372 1355 is
1397 1317 1503 1356 civis
1523 1325 1559 1352 20

153 1387 206 1414 ex
233 1376 354 1416 Latio
383 1381 482 1416 erat.

89 1435 145 1474 70
213 1435 291 1474 Per
318 1435 433 1474 idem
455 1440 626 1484 tempus
648 1435 872 1481 Bomilcar,
903 1436 1062 1484 quoius
1089 1435 1280 1484 impulsu
1301 1434 1504 1484 Iugurtha

153 1494 434 1540 deditionem,
468 1506 599 1544 quam
633 1498 750 1534 metu
779 1495 978 1540 deseruit,
1011 1495 1241 1543 inceperat,
1275 1498 1504 1543 suspectus

152 1554 243 1603 regi
271 1558 311 1592 et
338 1554 431 1602 ipse
458 1564 558 1593 eum
579 1554 822 1603 suspiciens
843 1565 983 1593 novas
1004 1565 1070 1592 res
1092 1564 1260 1602 cupere,
1288 1553 1343 1592 ad
1365 1554 1503 1602 perni-

153 1613 262 1653 ciem
297 1613 390 1652 eius
423 1612 572 1653 dolum
607 1624 825 1662 quaerere,
859 1613 929 1652 die
961 1617 1181 1662 noctuque
1208 1612 1387 1662 fatigare
1413 1613 1502 1651 ani·
1522 1619 1557 1648 25

104 1672 127 1706 2
154 1683 285 1711 mum.
326 1672 516 1721 denique
544 1673 691 1711 omnia
718 1672 972 1721 temptando
1001 1672 1168 1711 socium
1196 1671 1277 1710 sibi
1305 1671 1502 1720 adiungit

154 1731 432 1771 Nabdalsam.
461 1731 684 1771 hominem
711 1731 917 1777 nobilem,
944 1731 1114 1780 magnis
1143 1731 1312 1780 opibus,
1340 1730 1500 1769 clarum

154 1794 471 1839 acceptumque
499 1790 782 1839 popularibus
803 1791 904 1836 suis,
932 1791 1005 1839 qui
1027 1789 1282 1839 plerumque
1304 1800 1500 1829 seorsum

154 1849 209 1888 ab
242 1861 342 1899 rege
376 1850 608 1889 exercitum
637 1850 812 1889 ductare
834 1854 875 1889 et
901 1850 1043 1889 omnis
1070 1860 1136 1888 res
1163 1849 1320 1897 exequi
1347 1848 1501 1888 solitus

155 1912 254 1954 erat,
288 1919 401 1958 quae
434 1909 664 1958 iugurthae
694 1909 809 1949 fesso
837 1913 910 1948 aut
936 1908 1173 1948 maioribus
1200 1908 1403 1947 adstricto
1431 1919 1501 1946 su·
1520 1915 1556 1942 30

212 2048 234 2079 6
260 2048 331 2080 late
358 2049 435 2080 Mm
462 2049 573 2082 latere
600 2050 677 2081 rell.
772 2048 814 2080 14
841 2050 914 2080 irae
939 2048 1108 2080 PANHl
1192 2048 1234 2079 21
1263 2047 1366 2079 Latio
1393 2042 1502 2079 ΑΙΚ2

152 2090 271 2127 HD's
286 2096 433 2128 collatio
454 2097 532 2128 rell.
595 2096 639 2127 22
661 2105 725 2135 per
738 2119 746 2128 .
763 2120 770 2128 .
786 2119 794 2128 .
810 2104 983 2135 quaerere
1003 2095 1097 2127 Non.
1115 2105 1152 2135 ρ.
1173 2098 1245 2134 400,
1261 2099 1302 2127 17
1361 2095 1405 2126 27
1426 2094 1500 2126 cla-

154 2152 230 2174 rum
251 2143 370 2181 codd„
390 2143 436 2183 cf.
460 2143 544 2175 Tac.
558 2153 646 2175 ann.
663 2147 712 2182 12,
726 2147 777 2182 29,
796 2147 809 2174 1
823 2140 955 2180 (clarus
975 2145 1224 2182 acceptusque
1245 2140 1498 2181 popularibus)

153 2192 190 2222 et
214 2190 274 2222 Ps.
295 2190 386 2222 Sall.
407 2200 482 2231 rep.
502 2194 532 2227 2,
550 2195 576 2229 7,
592 2195 612 2222 6
637 2189 770 2230 (magis
797 2190 930 2222 clarum
959 2190 1150 2233 magisque
1176 2186 1401 2229 acceptum);
1433 2189 1500 2221 sed

151 2237 316 2276 fortasse
347 2239 581 2270 scribendum
609 2247 729 2270 carum
762 2238 846 2269 coll.
871 2237 948 2276 luy.
971 2241 1019 2275 12,
1033 2241 1065 2269 3.
1098 2240 1199 2276 108,1
1227 2239 1265 2269 et
1294 2235 1396 2276 Salp.
1417 2235 1498 2268 Ser).

149 2285 295 2323 passim
321 2287 357 2317 et
376 2285 464 2317 Aur.
483 2285 570 2317 Vict.
595 2285 700 2317 Caes.
719 2288 750 2322 3,
765 2289 784 2315 4
847 2283 890 2316 28
912 2285 972 2323 qui
995 2307 1003 2316 .
1019 2308 1026 2316 .
1042 2308 1050 2316 .
1071 2286 1331 2324 superaverant
1352 2282 1447 2315 Gell.
1470 2287 1498 2321 1,

151 2335 203 2370 22,
220 2335 257 2364 15
306 2330 382 2372 qui]
409 2333 440 2363 is
468 2332 559 2365 Gell.
