1593 2496
136 49 192 89 98
570 42 609 79 C.
631 43 874 79 SALLUSTI
902 42 1060 79 CRISPI

137 166 253 195 mere
286 157 452 195 munita
479 160 551 195 aut
579 157 672 195 sine
700 156 917 204 praesidio
946 156 1060 204 capit
1086 156 1377 206 incenditque,
1411 168 1488 206 pu-

138 215 261 254 beres
289 215 496 261 interficit,
524 215 643 254 iubet
670 215 754 254 alia
775 215 923 255 omnia
944 214 1127 254 militum
1149 215 1354 264 praedam
1377 227 1486 255 esse.

137 285 189 313 ea
207 274 436 314 formidine
451 274 573 313 multi
587 274 790 314 mortales
805 273 1012 314 Romanis
1028 274 1179 320 dediti;
1195 274 1385 321 obsides,
1406 274 1486 314 fru-

138 338 332 373 mentum
357 338 397 373 et
418 333 514 379 alia,
541 345 655 383 quae
676 334 773 372 usui
795 333 944 379 forent,
972 333 1134 372 affatim
1156 334 1368 382 praebita;
1394 333 1487 373 ubi-

90 401 108 431 7
139 404 325 442 cumque
346 404 412 432 res
434 392 695 442 postulabat,
717 392 980 442 praesidium
1004 393 1251 441 inpositum.
1285 404 1398 442 quae
1413 404 1486 432 ne·
1516 401 1534 427 5

137 453 256 501 gotia
290 452 424 491 multo
453 453 593 501 magis
621 463 752 501 quam
781 452 993 500 proelium
1020 451 1134 491 male
1161 456 1402 501 pugnatum
1429 452 1484 491 ab

86 507 110 538 8
137 512 227 550 suis
249 522 394 560 regem
416 511 648 556 terrebant;
670 512 844 560 quippe,
866 512 1024 560 quoius
1045 522 1146 559 spes
1168 512 1309 550 omnis
1325 512 1367 550 in
1382 511 1484 560 fuga

137 571 219 609 sita
240 574 338 616 erat,
365 571 489 620 sequi
511 570 747 620 cogebatur
769 574 820 616 et,
848 571 921 619 qui
942 581 1022 609 sua
1041 569 1139 610 loca
1160 570 1392 610 defendere
1413 581 1486 609 ne-

90 625 110 656 9
139 630 345 678 quiverat,
366 631 408 668 in
430 629 583 669 alienis
604 629 767 669 bellum
788 640 947 679 gerere.
981 634 1126 668 tamen
1149 640 1200 668 ex
1222 630 1348 678 copia
1367 629 1486 678 quod

138 692 365 737 optumum
387 689 615 728 videbatur
636 688 865 728 consilium
888 689 1017 737 capit:
1046 690 1277 728 exercitum
1300 688 1485 738 plerum·
1506 696 1539 723 ιο

138 759 223 797 que
239 749 280 786 in
297 748 435 787 isdem
452 748 557 787 locis
574 748 760 797 opperiri
774 748 903 793 iubet,
916 748 1010 797 ipse
1026 759 1123 786 curn
1139 747 1317 787 delectis
1334 748 1485 796 equiti-

138 807 218 846 bus
234 806 455 846 Metellum
472 808 675 857 sequitur,
697 807 917 846 nocturnis
933 812 973 846 et
988 807 1096 846 aviis
1119 807 1342 846 itineribus
1364 808 1485 856 igno-

80 862 122 893 ¹0
138 870 252 905 ratus
273 865 494 906 Romanos
522 867 706 915 palantis
735 871 911 915 repente
932 866 1189 915 aggreditur.
1227 877 1375 906 eorum
1398 865 1485 915 ple-

137 926 257 974 rique
273 926 458 965 inermes
474 923 645 972 cadunt,
667 926 787 965 multi
805 926 1041 974 capiuntur,
1063 937 1193 965 nemo
1210 926 1404 965 omnium
1424 925 1485 964 in-

137 989 275 1024 tactus
303 985 501 1035 profugit,
530 990 570 1024 et
590 985 818 1030 Numidae,
846 986 962 1033 prius
984 996 1115 1034 quam
1137 996 1190 1024 ex
1211 985 1358 1024 castris
1386 984 1485 1023 sub·
1505 991 1539 1019 15

136 1044 364 1090 veniretur,
385 1045 508 1084 sicuti
525 1045 628 1083 iussi
645 1048 775 1090 erant,
796 1045 838 1083 in
855 1055 1091 1092 proxumos
1107 1043 1228 1083 collis
1244 1043 1484 1083 discedunt.

68 1096 128 1136 55
197 1103 366 1143 Interim
395 1103 559 1143 Romae
592 1104 800 1153 gaudium
836 1104 989 1153 ingens
1018 1107 1157 1143 ortum
1185 1104 1369 1152 cognitis
1397 1102 1484 1142 Me-

139 1163 226 1201 telli
248 1163 386 1208 rebus,
409 1168 453 1202 ut
474 1174 610 1212 seque
632 1168 672 1202 et
694 1163 927 1202 exercitum
943 1173 1063 1201 more
1080 1163 1291 1201 maiorum
1307 1166 1484 1212 gereret,

140 1223 180 1260 in
214 1222 401 1262 advorso
435 1222 532 1262 loco
566 1223 701 1262 victor
734 1226 879 1261 tamen
914 1222 1069 1260 virtute
1099 1221 1260 1267 fuisset,
1293 1221 1483 1261 hostium

138 1293 242 1331 agro
272 1283 487 1330 potiretur,
514 1281 761 1331 Iugurtham
790 1281 1069 1330 magnificum
1098 1292 1151 1319 ex
1171 1279 1316 1319 Albini
1342 1291 1485 1319 socora
1503 1287 1540 1315 20

139 1341 211 1379 dia
238 1352 361 1389 spem
389 1341 538 1380 salutis
567 1342 608 1379 in
636 1341 870 1380 solitudine
898 1344 971 1379 aut
995 1339 1097 1389 fuga
1118 1340 1333 1389 coegisset
1355 1339 1486 1378 habe-

91 1397 111 1429 2
140 1411 193 1439 re.
234 1401 379 1448 itaque
407 1405 583 1439 senatus
612 1401 667 1440 ob
696 1411 747 1439 ea
774 1400 949 1439 feliciter
976 1404 1071 1438 acta
1098 1399 1164 1437 dis
1186 1398 1485 1438 inmortalibus

140 1459 353 1508 supplicia
386 1459 634 1504 decernere;
675 1460 836 1505 civitas,
870 1458 1037 1507 trepida
1069 1463 1197 1497 antea
1230 1463 1270 1497 et
1303 1457 1485 1497 sollicita

139 1518 193 1557 de
222 1518 323 1557 belli
350 1523 520 1564 eventu,
548 1519 661 1558 laeta
688 1529 832 1567 agere;
861 1518 914 1557 de
936 1517 1110 1557 Metello
1132 1517 1247 1556 fama
1267 1516 1485 1566 praeclara

92 1576 113 1607 3
141 1589 248 1617 esse.
286 1578 411 1627 igitur
438 1589 489 1617 eo
512 1579 713 1617 intentior
734 1578 788 1616 ad
810 1578 1033 1616 victoriam
1055 1577 1143 1622 niti,
1171 1576 1374 1616 omnibus
1395 1586 1486 1615 mo·
1504 1582 1540 1610 25

141 1637 206 1675 dis
243 1637 454 1682 festinare,
495 1648 647 1676 cavere
681 1641 837 1682 tamen,
877 1636 1033 1675 necubi
1067 1636 1180 1675 hosti
1214 1639 1485 1684 opportunus

92 1695 112 1726 4
143 1697 271 1741 fieret,
299 1697 550 1736 meminisse
578 1700 676 1745 post
697 1696 877 1745 gloriam
901 1695 1108 1734 invidiam
1131 1695 1266 1744 sequi.
1306 1695 1374 1739 ita,
1396 1705 1484 1743 quo

141 1755 291 1795 clarior
318 1760 416 1801 erat,
448 1767 500 1795 eo
529 1756 668 1805 magis
696 1756 849 1794 anxius
878 1759 976 1800 erat,
1010 1765 1153 1803 neque
1180 1757 1279 1802 post
1306 1753 1485 1792 insidias

139 1814 368 1863 Iugurthae
408 1815 546 1854 effuso
587 1816 773 1854 exercitu
808 1814 1021 1863 praedari;
1060 1813 1132 1852 ubi
1166 1812 1378 1852 frumento
1412 1815 1485 1851 aut

141 1873 303 1922 pabulo
338 1885 448 1923 opus
477 1879 575 1919 erat,
606 1873 806 1913 cohortes
833 1885 930 1912 cum
959 1873 1077 1912 omni
1106 1872 1298 1921 equitatu
1326 1871 1484 1920 praesi-
1502 1877 1539 1905 30

92 1932 112 1962 5
140 1933 259 1971 dium
288 1933 528 1982 agitabant;
557 1934 767 1972 exercitus
796 1936 959 1981 partem
983 1933 1086 1980 ipse,
1113 1930 1302 1979 reliquos
1324 1930 1484 1969 Marius

142 1992 338 2032 ducebat.
373 1993 449 2031 sed
478 1993 565 2042 igni
594 1993 733 2041 magis
761 2003 891 2041 quam
920 1990 1081 2040 praeda
1102 2001 1203 2039 ager
1223 1990 1483 2028 vastabatur.

88 2050 113 2080 ⁴6
142 2051 314 2090 duobus
342 2051 447 2090 locis
476 2051 591 2090 haud
620 2051 750 2100 longe
779 2052 886 2090 inter
912 2061 959 2089 se
987 2054 1123 2088 castra
1150 2049 1383 2094 faciebant;
1410 2048 1483 2087 ubi

202 2156 217 2187 1
254 2157 409 2195 puberes
441 2156 558 2188 interf.
583 2156 693 2188 Prob.
714 2156 812 2187 cath.
832 2164 989 2194 yramm.
1009 2153 1057 2185 IV
1075 2157 1123 2191 16,
1137 2157 1178 2184 23
1251 2154 1407 2192 puberes
1428 2176 1436 2184 .
1452 2176 1459 2183 .
1475 2176 1483 2184 .

139 2204 240 2235 iubet
265 2203 364 2235 Sero.
385 2203 470 2235 Aen.
486 2208 517 2240 5,
532 2207 595 2235 546
643 2203 728 2241 pub.
750 2211 878 2234 omnes
898 2202 997 2234 Serv.
1055 2201 1073 2232 2
1101 2200 1279 2232 interiecit
1298 2200 1407 2232 Proh.
1428 2200 1484 2231 in-

138 2251 253 2283 terfici
274 2245 474 2282 AT²Serv.
549 2250 568 2281 7
590 2251 646 2282 cui
668 2244 882 2281 A2CBH²s
959 2247 1000 2279 19
1021 2251 1058 2279 ut
1078 2249 1114 2279 in
1136 2243 1217 2279 ΡΤΞ
1289 2246 1333 2278 28
1353 2247 1483 2278 anxius

139 2292 418 2329 XH²T2D³isn
448 2298 589 2328 animus
616 2293 666 2328 H1
693 2298 835 2328 animus
862 2297 990 2327 anxius
1017 2295 1127 2325 NKm
1156 2295 1354 2326 animosior
1384 2291 1417 2323 Γ
