1593 2496
140 62 155 100 1
172 62 222 100 16
565 54 604 90 C.
625 54 869 91 SALLUSTI
897 53 1054 90 CRISPI

134 167 324 212 avaritia,
358 167 602 206 communis
637 167 831 205 omnium
860 166 996 205 hostis
1025 177 1138 212 esse;
1172 167 1357 206 eandem
1386 166 1484 206 illos

135 237 311 265 causam
333 226 433 265 belli
462 237 559 265 cum
587 225 758 265 Boccho
786 226 957 271 habere,
985 236 1116 274 quam
1143 237 1291 265 secum
1320 231 1360 265 et
1385 237 1483 264 cum

133 285 228 324 aliis
250 286 464 335 gentibus,
492 285 731 324 lubidinem
754 284 1039 334 imperitandi,
1064 285 1160 334 quis
1182 286 1329 325 omnia
1350 295 1484 334 regna

134 345 320 384 advorsa
342 345 443 389 sint;
464 349 554 383 tum
577 355 685 389 sese,
708 344 838 392 paulo
862 349 961 383 ante
979 342 1359 394 Carthaginiensis,
1381 345 1481 383 item

133 415 279 454 regem
295 403 466 448 Persen,
488 407 587 451 post
608 404 667 442 uti
684 403 870 452 quisque
886 403 1259 452 opulentissumus
1273 403 1483 449 videatur,
1514 411 1533 438 5

85 468 105 498 2
134 464 191 502 ita
217 462 424 502 Romanis
456 462 627 501 hostem
655 462 756 502 iore.
801 462 867 501 his
895 467 1025 511 atque
1052 462 1147 501 aliis
1174 462 1331 502 talibus
1359 462 1483 501 dictis

132 522 187 561 ad
216 521 372 561 Cirtam
403 521 614 573 oppidum
644 522 720 560 iter
744 522 1020 566 constituunt,
1049 521 1167 570 quod
1190 521 1247 560 ibi
1270 520 1483 565 Q.Mete1-

84 586 105 617 3
132 581 198 620 lus
226 580 432 630 praedam
461 581 746 629 captivosque
774 585 815 619 et
838 580 1150 629 impedimenta
1171 580 1399 620 locaverat.
1425 581 1484 620 ita

131 640 335 689 Iugurtha
363 645 478 678 ratus
506 644 579 678 aut
607 644 732 688 capta
759 639 864 678 urbe
891 650 1050 688 operae
1078 640 1261 691 pretium
1288 639 1377 679 fore
1398 643 1483 685 aut,

132 700 166 738 si
183 699 406 739 Romanus
428 698 590 738 auxilio
613 700 702 737 suis
716 699 919 744 venisset,
942 698 1106 747 proelio
1124 710 1221 738 sese
1237 703 1480 738 certaturos.
1504 706 1539 733 ιο

82 765 102 794 4
129 769 230 797 nam
268 758 449 797 callidus
485 758 526 796 id
561 758 694 797 modo
722 757 963 803 festinabat,
996 757 1152 797 Bocchi
1180 769 1333 807 pacem
1360 758 1483 796 inmi-

131 828 276 863 nuere,
309 828 365 856 ne
401 828 545 856 moras
579 817 786 866 agitando
820 816 936 855 aliud
970 828 1101 866 quam
1135 817 1297 856 bellum
1325 817 1482 856 mallet.

57 879 113 917 82
191 877 427 925 Imperator
465 881 697 925 postquam
738 876 792 915 de
834 887 983 925 regum
1023 876 1231 915 societate
1265 876 1482 925 cognovit,

129 947 217 976 non
251 941 412 975 temere
446 946 602 984 neque,
636 936 696 974 uti
730 946 862 984 saepe
897 936 980 974 iam
1008 936 1122 974 victo
1150 935 1351 985 Iugurtha
1383 946 1482 974 con-

129 999 341 1040 sueverat,
378 995 581 1034 omnibus
615 994 722 1033 locis
756 994 979 1044 pugnandi
1014 995 1186 1043 copiam
1214 995 1322 1034 facit.
1370 998 1478 1034 cete·
1504 1003 1536 1030 15

128 1066 220 1093 rum
254 1054 371 1093 haud
405 1054 553 1103 procul
596 1054 650 1093 ab
679 1053 792 1093 Cirta
819 1054 968 1092 castris
996 1054 1170 1092 munitis
1199 1065 1321 1103 reges
1350 1064 1483 1103 oppe-

128 1115 239 1160 ritur,
271 1113 427 1153 melius
470 1124 567 1152 esse
608 1118 722 1152 ratus
763 1113 947 1162 cognitis
986 1112 1158 1158 Mauris,
1198 1113 1407 1162 quoniam
1446 1113 1482 1151 is

127 1184 269 1213 novos
306 1173 444 1212 hostis
475 1172 733 1217 adcesserat,
768 1183 818 1211 ex
848 1171 1081 1211 commodo
1109 1183 1301 1221 pugnam
1331 1172 1481 1211 iacere.

88 1238 108 1269 2
137 1233 304 1272 interim
333 1231 472 1272 Roma
502 1242 577 1280 per
603 1231 763 1270 litteras
791 1232 941 1270 certior
968 1230 1013 1269 iit
1040 1232 1306 1279 provinciam
1334 1230 1482 1270 Numi-

135 1292 251 1330 diam
280 1292 416 1331 Mario
451 1291 614 1335 datam:
647 1301 748 1329 nam
782 1290 1007 1330 consulem
1040 1289 1199 1328 factum
1232 1294 1331 1329 ante
1364 1301 1481 1329 acce·
1502 1298 1537 1325 20

133 1355 263 1400 perat.
313 1351 472 1400 quibus
503 1350 632 1389 rebus
666 1361 796 1398 supra
828 1349 993 1388 bonurn
1027 1353 1100 1388 aut
1132 1349 1363 1388 honestum
1392 1360 1481 1398 per-

136 1410 281 1449 culsus
308 1421 453 1459 neque
474 1409 686 1448 lacrumas
713 1414 858 1448 tenere
878 1419 1022 1457 neque
1043 1408 1255 1448 moderari
1278 1408 1482 1458 linguam,

132 1470 196 1508 vir
223 1470 423 1519 egregius
452 1469 492 1507 in
515 1468 610 1507 aliis
631 1468 792 1507 artibus
813 1468 941 1506 nimis
962 1467 1147 1507 molliter
1167 1468 1481 1517 aegritudinem

86 1534 104 1564 3
134 1529 233 1577 pati.
270 1539 402 1577 quarn
425 1539 511 1567 rem
534 1527 604 1566 alii
627 1528 669 1565 in
692 1527 939 1576 superbiam
960 1527 1199 1572 vortebant,
1224 1527 1294 1565 alii
1316 1527 1480 1566 bonum

129 1588 353 1637 ingenium
389 1586 653 1626 contumelia
686 1597 918 1625 accensum
953 1597 1061 1631 esse,
1094 1586 1214 1624 multi
1246 1586 1363 1635 quod
1392 1587 1477 1624 iam
1499 1594 1534 1622 z

128 1652 249 1696 parta
270 1647 450 1686 victoria
478 1658 529 1685 ex
557 1646 758 1684 manibus
787 1646 1028 1694 eriperetur.
1062 1645 1188 1684 nobis
1210 1645 1313 1684 satis
1332 1646 1478 1694 cogni-

126 1711 215 1745 tum
257 1710 321 1745 est
365 1705 484 1744 illum
527 1706 666 1754 magis
707 1704 872 1743 honore
906 1704 1011 1743 Mari
1052 1715 1183 1754 quam
1214 1705 1367 1742 iniuria
1399 1714 1478 1743 sua

128 1766 431 1811 excruciatum,
459 1775 603 1813 neque
618 1769 704 1803 tam
722 1764 848 1803 anxie
865 1763 1047 1802 laturum
1064 1763 1207 1808 fuisse,
1223 1764 1257 1801 si
1272 1763 1479 1811 adempta

59 1827 116 1868 83
128 1825 351 1873 provincia
379 1824 449 1862 alii
478 1834 608 1873 quam
638 1823 773 1862 Mario
802 1822 1048 1862 traderetur.
1092 1823 1218 1871 igitur
1245 1833 1297 1861 eo
1327 1821 1478 1861 dolore

125 1883 360 1932 impeditus
388 1888 428 1922 et
455 1883 556 1932 quia
583 1882 787 1921 stultitiae
813 1881 1039 1920 videbatur
1066 1881 1251 1920 alienam
1280 1892 1368 1920 rem
1397 1892 1470 1929 pe·
1489 1888 1526 1917 30

125 1942 258 1982 riculo
293 1954 373 1982 suo
408 1953 566 1987 curare,
599 1941 768 1991 legatos
801 1940 855 1979 ad
883 1940 1099 1980 Bocchum
1130 1941 1256 1979 mittit
1282 1939 1472 1989 postula-

125 2006 228 2047 tum,
250 2013 304 2041 ne
326 2003 420 2040 sine
441 2011 572 2040 causa
593 2001 730 2040 hostis
753 2000 918 2049 populo
938 1999 1134 2039 Romano
1156 1999 1293 2038 fieret:
1315 1999 1475 2038 habere

126 2065 216 2099 tum
259 2072 464 2110 magnam
498 2061 669 2109 copiam
707 2060 925 2098 societatis
961 2059 1264 2107 amicitiaeque
1299 2059 1476 2097 coniun-

184 2165 204 2197 3
225 2164 414 2195 libidinem
442 2160 600 2196 A¹KTF
627 2165 780 2196 libidine
801 2165 881 2196 rell.
932 2163 952 2195 7
973 2163 1019 2195 ad
1039 2186 1047 2195 .
1063 2186 1071 2195 .
1087 2188 1094 2195 .
1115 2163 1341 2195 constituunt
1359 2163 1475 2194 Prisc.

124 2221 280 2252 yramm.
301 2210 351 2241 ΙΙΙ
369 2214 418 2249 66,
435 2215 474 2243 15
524 2210 682 2250 ibiqtue)
708 2210 756 2243 Pl
832 2211 874 2243 10
901 2211 973 2242 dux
994 2210 1178 2242 Romanus
1199 2204 1475 2241 PA2CBH²T1

187 2259 228 2290 12
257 2266 375 2289 moras
402 2254 633 2298 B²K2P(-T)
661 2268 746 2290 mox
773 2259 849 2290 rell.
928 2258 968 2289 17
997 2258 1124 2289 melius
1147 2281 1176 2289 ..
1193 2281 1201 2289 .
1222 2258 1340 2289 iacere
1367 2256 1474 2288 Aras.

123 2316 280 2347 yrcrmm.
299 2305 357 2337 Vll
379 2309 450 2345 472,
465 2309 502 2337 10
552 2306 708 2345 cognitis
728 2328 758 2338 ..
774 2329 781 2337 .
804 2306 1011 2337 adcesserat
1038 2315 1108 2337 om.
1129 2305 1234 2336 Aras.
