1593 2496
84 65 147 103 56
519 57 558 94 C.
586 57 828 94 SALLUSTI
856 57 1012 94 CRISPI

47 171 72 209 5
157 171 324 211 Bellum
352 172 584 220 scripturus
611 181 719 214 sum,
747 169 866 219 quod
891 170 1079 219 populus
1100 170 1321 210 Romanus
1342 181 1438 209 cum

94 230 297 281 Iugurtha
317 241 418 280 rege
433 229 718 268 Numidarum
739 230 884 278 gessit,
907 230 1090 278 primum
1112 230 1213 279 quia
1231 240 1438 279 magnum

95 295 136 330 et
161 295 282 330 atrox
304 290 512 338 variaque
532 289 697 327 victora
717 288 804 334 fuit,
832 288 990 328 dehinc
1011 290 1112 338 quia
1132 293 1234 327 tunc
1255 289 1438 337 primum

44 352 68 383 2
97 349 326 399 superbiae
359 348 595 388 nobilitatis
629 347 805 387 obviam
833 349 938 386 itum
966 352 1047 392 est;
1080 359 1193 397 quae
1220 349 1440 387 contentio

96 409 245 448 divina
279 412 319 447 et
352 408 544 446 humana
577 411 730 446 cuncta
764 407 1010 455 permiscuit
1044 417 1186 456 eoque
1211 406 1440 446 vecordiae

43 471 69 502 3
99 468 318 516 processit,
339 472 384 505 ut
400 466 552 505 studiis
569 465 766 505 civilibus
782 465 943 505 bellum
959 470 1090 514 atque
1103 467 1282 505 vastitas
1296 465 1442 505 Italiae

96 528 228 566 finem
256 526 424 565 faceret.
464 525 539 564 sed
563 526 679 574 prius
699 535 830 574 quam
853 525 1033 564 huiusce
1054 525 1173 565 modi
1195 526 1253 564 rei
1275 526 1440 563 initium

97 586 296 635 expedio,
324 596 463 634 pauca
490 594 620 633 supra
646 588 850 633 repetam,
883 595 971 633 quo
999 584 1053 623 ad
1082 584 1441 634 cognoscundum

99 646 245 684 omnia
273 645 450 683 illustria
479 645 617 693 magis
645 644 873 692 magisque
900 644 942 682 in
971 648 1119 692 aperto
1147 644 1241 682 sint.

44 708 69 737 ⁴1
156 703 276 744 Bello
316 704 477 743 Punico
519 702 724 748 secundo,
770 713 858 751 quo
898 703 984 741 dux
1024 701 1442 752 Carthaginiensium

98 763 315 802 Hannibal
351 768 449 812 post
483 761 827 811 magnitudinem
860 763 1049 801 nominis
1082 760 1265 801 Romani
1298 761 1444 800 Italiae

99 834 206 872 opes
233 833 437 861 maxume
465 821 705 866 adtriverat,
733 820 963 860 Masinissa
989 832 1062 860 rex
1088 820 1373 859 Numidarum
1401 821 1442 859 in

99 883 331 921 amicitiam
359 886 556 929 receptus
584 891 608 919 a
635 880 676 920 P.
699 879 914 929 Scipione,
943 881 1045 929 quoi
1069 885 1222 928 postea
1242 879 1443 919 Africano

100 951 346 991 cognomen
369 952 419 980 ex
441 941 595 979 virtute
617 940 704 985 fuit,
725 939 859 978 multa
880 943 921 978 et
942 939 1159 988 praeclara
1180 940 1237 978 rei
1254 938 1444 977 militaris

100 1001 290 1040 facinora
325 1000 492 1039 fecerat.
539 1000 745 1051 obquae
780 999 903 1037 victis
940 997 1368 1047 Carthaginiensibus
1404 1003 1445 1036 et
1482 1012 1495 1036 5

101 1065 228 1109 capto
262 1058 473 1109 Syphace,
511 1059 668 1107 quoius
705 1059 746 1096 in
780 1057 921 1096 Africa
958 1068 1165 1107 magnum
1197 1062 1327 1106 atque
1360 1057 1445 1095 late

102 1119 329 1168 imperium
357 1118 502 1161 valuit,
532 1117 720 1166 populus
747 1116 981 1162 Romanus,
1008 1127 1308 1166 quascumque
1329 1116 1445 1154 urbis

48 1180 73 1211 5
103 1183 142 1217 et
170 1189 297 1228 agros
325 1189 455 1216 manu
485 1181 666 1225 ceperat,
693 1177 781 1225 regi
804 1175 921 1215 dono
943 1175 1073 1215 dedit.
1112 1177 1238 1224 igitur
1259 1175 1446 1214 amicitia

102 1237 358 1276 Masinissae
392 1237 508 1276 bona
542 1241 671 1285 atque
705 1235 889 1275 honesta
922 1235 1048 1274 nobis
1078 1235 1323 1283 permansit.
1369 1234 1444 1273 sed

103 1297 252 1345 imperi
280 1297 484 1345 vitaeque
512 1297 604 1334 eius
631 1295 728 1333 finis
756 1294 870 1333 idem
898 1294 985 1334 fuit.

47 1356 76 1387 -6
163 1356 273 1395 Dein
302 1355 483 1404 Micipsa
516 1354 628 1393 filius
662 1365 841 1403 regnum
875 1353 994 1393 solus
1022 1353 1206 1393 obtinuit
1233 1353 1447 1392 Mastana-

58 1416 75 1445 7
107 1415 203 1454 bale
237 1419 277 1453 et
305 1414 493 1453 Gulussa
520 1414 716 1452 fratribus
743 1413 895 1452 morbo
924 1412 1178 1461 absumptis.
1222 1413 1258 1451 is
1284 1411 1447 1451 Adher-

103 1474 246 1513 balem
287 1478 327 1512 et
364 1473 660 1522 Hiempsalem
699 1484 749 1511 ex
790 1483 886 1511 sese
926 1472 1075 1521 genuit
1112 1471 1447 1521 Iugurthamque

103 1533 238 1572 filium
263 1532 572 1571 Mastanabalis
595 1532 740 1576 fratris,
768 1542 898 1580 quem
921 1530 1162 1576 Masinissa,
1190 1530 1309 1579 quod
1331 1534 1447 1569 ortus

105 1604 156 1632 ex
185 1592 428 1632 concubina
457 1597 555 1636 erat,
584 1592 796 1640 privatum
824 1590 1121 1639 dereliquerat,
1149 1589 1305 1628 eodem
1332 1588 1446 1628 cultu
1489 1602 1499 1611 ⁷

106 1663 193 1701 quo
222 1651 379 1690 liberos
407 1662 510 1690 suos
539 1650 657 1690 domi
684 1649 844 1689 habuit.

51 1707 83 1745 7ὃ
166 1709 249 1753 Qui
290 1711 362 1749 ubi
403 1711 585 1759 primum
626 1709 828 1753 adolevit,
872 1708 1040 1757 pollens
1079 1708 1252 1753 viribus,
1292 1706 1449 1745 decora

106 1770 225 1814 facie,
254 1769 330 1808 sed
359 1770 493 1808 multo
523 1779 725 1807 maxume
753 1768 928 1817 ingenio
955 1767 1138 1812 validus,
1166 1777 1253 1805 non
1279 1777 1325 1805 se
1347 1765 1447 1803 luxu

166 1929 185 1961 3
224 1928 357 1959 dehinc
389 1923 516 1958 P¹Am
549 1927 634 1958 (lein
667 1927 744 1958 rell.
771 1927 841 1957 del.
869 1925 895 1956 C
999 1925 1019 1955 4
1052 1924 1235 1955 obviatum
1270 1919 1450 1954 P¹BKFs

167 1975 187 2007 8
214 1976 408 2014 expediam
436 1974 570 2006 CBsm
587 1970 691 2014 -l—m.
710 1978 730 2004 2
751 1972 938 2004 AKHDF
1012 1980 1128 2010 pauca
1155 1979 1263 2009 supra
1290 1973 1449 2008 repetam

107 2024 220 2055 Prisc.
247 2032 403 2061 yramm.
418 2022 467 2053 ΙΙΙ
485 2026 534 2059 46,
552 2024 590 2052 18
641 2021 683 2053 13
717 2021 803 2059 quoi
826 2045 832 2051 .
850 2044 857 2051 .
875 2045 881 2050 .
903 2019 968 2051 fuit
999 2018 1120 2051 Sclzol.
1142 2017 1274 2049 Horat.
1296 2021 1449 2052 carm.4,

106 2074 138 2106 8,
155 2074 192 2101 19
245 2070 286 2100 14
302 2078 345 2100 ex
354 2070 482 2100 virtute
491 2077 625 2100 nomen
636 2067 861 2100 inditumfuit
870 2067 990 2099 Sehol.
1005 2065 1104 2105 Vero.
1119 2065 1244 2097 Veron.
1257 2065 1452 2102 Aen.9,.387

168 2117 212 2149 25
239 2116 439 2155 deliquerat
465 2116 497 2148 H
519 2116 710 2154 reliquerat
736 2114 1000 2146 ANKMTnm
1057 2113 1101 2144 27
1129 2113 1214 2151 qui.
1229 2135 1236 2143 .
1252 2137 1260 2143 .
1276 2108 1328 2152 (4)
1349 2120 1450 2143 carus

103 2173 192 2197 -esse
212 2164 332 2195 Diom.
353 2173 510 2202 qrammi.
529 2163 545 2194 Ι
562 2166 634 2201 341,
648 2166 668 2194 9
687 2162 801 2194 Macr.
823 2171 895 2193 exe.
915 2170 1071 2200 gramm.
1091 2160 1117 2191 V
1134 2164 1204 2198 624,
1219 2164 1258 2190 24
1314 2158 1374 2197 qui
1397 2181 1404 2188 .
1419 2182 1428 2189 .
1445 2184 1450 2188 .

110 2210 163 2251 (6)
190 2211 290 2250 loqui
316 2211 455 2242 Fronto
479 2220 516 2250 ρ.
540 2213 598 2242 108
617 2209 659 2241 N.
723 2207 796 2248 qui]
819 2209 878 2240 hic
898 2208 1146 2239 Diom.Macr.
1209 2206 1351 2245 pollens
1371 2205 1450 2236 viri-

105 2260 178 2290 :bus
203 2258 309 2290 Aras.
329 2268 486 2297 yramm.
506 2257 563 2289 Vll
580 2260 685 2294 5023
736 2256 897 2296 pollenS.
914 2280 920 2286 .
935 2279 942 2286 .
958 2255 1098 2286 validus
1119 2264 1188 2286 om.
1203 2253 1323 2285 Diom.
1337 2252 1449 2284 Macr.

169 2305 214 2338 28
240 2306 325 2337 luxu
352 2305 423 2336 Ym
451 2305 588 2336 Fronto
614 2304 733 2336 Dioni.
761 2304 858 2335 luxui
886 2302 1068 2333 XNTlsn
1097 2302 1256 2332 luxuriae
1282 2300 1396 2331 Macr.

1464 716 1496 741 1⁴}

1465 1306 1498 1332 [ἲ
