1593 2496
656 51 947 88 PRAEFATIO
1419 52 1454 87 V

163 161 308 207 Integri
337 160 501 197 codices
523 159 767 205 cognatione
788 169 811 194 a
833 159 981 194 mutilis
1003 158 1162 194 diversa
1184 169 1264 195 non
1286 159 1456 195 coniun-

102 212 260 255 guntur,
293 209 365 244 sed
398 208 463 243 alii
496 208 547 243 ad
580 207 680 242 alios
708 207 870 243 mutilos
897 206 1062 252 propius
1088 215 1132 242 se
1159 207 1374 252 adplicant.
1413 210 1456 242 ut

100 258 136 293 ls
163 267 185 292 a
212 256 259 298 X,
285 266 354 292 mn
381 257 431 291 ab
451 255 487 291 Y
508 255 670 299 saepius
697 257 812 290 stant.
850 253 904 290 Cf.
927 254 1222 299 Prolegomena
1250 265 1285 299 p.
1300 255 1454 290 68—86.

163 327 200 371 c)
232 326 447 363 Orationes
473 328 514 362 et
540 325 736 370 epistulas
775 335 857 361 non
889 327 1044 360 tantum
1079 323 1273 368 Catilinae
1308 325 1456 371 lugun.

101 375 279 420 thaeque
306 375 378 410 sed
408 374 527 409 etiam
555 373 817 408 Historiarum
845 374 1023 408 servatas
1050 373 1168 408 tradit

102 423 138 459 V
171 423 259 458 cod.
283 422 501 457 Vaticanus
533 421 637 461 3864,
668 430 773 456 saec.
795 421 828 455 X
857 422 1052 455 exaratus.
1094 421 1145 455 de
1172 420 1309 456 indole
1336 420 1456 455 huius

164 469 317 505 codicis
345 469 384 504 in
412 468 716 513 Prolegomenis
743 479 780 513 p.
805 468 990 504 104—117
1018 467 1095 512 egi.

162 577 195 611 2.
220 576 472 611 Testimonia
505 577 687 609 veterum
721 575 956 619 scriptorum
989 575 1188 620 permulta
1220 576 1327 609 sunt:
1361 574 1457 609 inde

100 624 151 659 ab
184 624 312 668 primo
346 634 382 668 p.
406 621 491 658 Chr.
513 633 550 657 n.
572 622 736 657 saeculo
772 632 901 667 usque
928 623 978 657 ad
1005 625 1188 667 tempora
1215 622 1337 657 medii
1364 622 1458 657 aevi

100 671 313 716 scriptores
352 671 486 711 verba,
526 670 763 710 locutiones,
805 670 1012 705 enuntiata
1044 669 1221 706 Sallustii
1261 670 1456 711 adferunt,

101 719 248 763 quibus
287 718 351 753 vel
392 717 611 753 sententias
646 720 842 753 exornent
877 718 942 753 vel
976 718 1094 753 rebus
1128 717 1251 752 fidem
1283 717 1459 753 tribuant

101 766 167 801 vel
195 775 257 801 res
283 765 566 811 grammaticas
593 765 800 801 illustrent.

162 818 217 854 Ea
249 818 492 859 testimonia,
529 827 634 862 quae
674 818 725 853 ad
759 820 909 853 certum
944 818 1077 853 locum
1110 818 1242 853 referri
1276 820 1459 863 possunt,

101 866 189 902 sive
217 868 355 901 auctor
376 865 608 902 Sallustium
635 865 816 901 nominat
838 866 924 901 sive
945 875 1038 907 non,
1065 866 1105 901 in
1127 868 1364 910 apparatum
1386 865 1458 901 cri-

100 914 223 949 ticum
245 914 390 958 recepi,
417 913 607 948 asterisco
629 913 648 933 ’¹‘
670 913 820 954 addito,
842 913 1088 958 ubicumque
1108 923 1259 949 nornen
1280 912 1459 949 Sallustii

100 962 227 997 deest.

160 1008 418 1049 Imitationes,
452 1017 557 1052 quae
590 1017 819 1043 sermonem
853 1007 1139 1043 Sallustianum
1172 1008 1456 1043 tantummodo

102 1056 296 1096 redolent,
318 1058 554 1100 aspernatus
576 1065 676 1095 sum,
704 1055 779 1090 nisi
802 1056 911 1100 quod
933 1055 1072 1100 paucis
1093 1055 1193 1091 locis
1215 1065 1284 1091 eas
1306 1056 1357 1091 ad
1377 1055 1458 1090 lec-

99 1103 230 1138 tiones
257 1103 519 1138 stabiliendas
547 1102 723 1138 adhibui.

160 1156 234 1192 Hic
267 1156 481 1201 scriptores
509 1158 794 1191 enumerantur
819 1155 1059 1200 scriptaque,
1093 1156 1132 1191 in
1161 1156 1306 1201 quibus
1332 1157 1458 1192 verba

99 1203 290 1249 leguntur
311 1213 333 1239 e
354 1203 543 1239 Sallustio
565 1206 737 1248 sumpta.
767 1206 895 1245 notas,
918 1203 1063 1248 quibus
1084 1203 1123 1238 in
1145 1213 1236 1249 app.
1258 1204 1339 1240 crit.
1360 1214 1457 1239 usus

101 1261 203 1292 sum,
231 1251 344 1287 uncis
372 1250 416 1295 ()
445 1251 599 1286 inclusi.

98 1304 401 1340 Adnotationes
411 1314 540 1349 super
554 1304 775 1346 Lucanum,
790 1303 876 1339 ed.I
892 1303 1457 1349 Endtlmclnot.sitammam).

99 1357 278 1423 Ayrof’cii
312 1357 688 1449 deVolrJhographia,
717 1366 766 1392 ex
793 1357 1032 1393 recensione
1059 1357 1105 1393 H.
1128 1358 1243 1393 Keilii
1271 1357 1456 1403 (Ayroec'.

97 1414 456 1503 Achi'zftfnffl'gistri'
477 1457 775 1503 orthographia,
810 1467 860 1493 ex
886 1467 1039 1494 recens.
1061 1458 1108 1494 H.
1130 1458 1246 1494 Keilii
1269 1458 1454 1501 (Albinus

102 1505 513 1604 Arggzqantiineiyelrlgpla
540 1558 827 1600 elocutionum,
856 1568 905 1594 ex
932 1568 1084 1595 recens.
1107 1559 1154 1594 H.
1175 1559 1293 1595 Keilii
1320 1559 1455 1605 (Aras.

156 1616 333 1651 yrczmm.
360 1606 450 1648 VII).

98 1658 233 1741 Aurgi.
260 1658 479 1702 Auyustim·
517 1659 804 1701 confessiones,
845 1669 894 1694 ex
933 1659 1213 1705 recognitione
1252 1660 1292 1696 P.
1320 1660 1454 1696 Knoell

72 1776 75 1779 ·
99 1779 142 1783 —
159 1705 509 1801 {lellgivc'igtff-dei,
543 1760 701 1795 tertium
735 1770 898 1806 recogn.
926 1760 969 1796 B.
991 1760 1185 1796 Dombart
1213 1761 1327 1806 (Any.
1349 1760 1454 1806 civ).

99 1813 210 1848 ——de
242 1815 383 1848 natura
417 1816 455 1848 et
487 1813 625 1858 gratia,
662 1823 738 1849 rec.
773 1813 812 1849 C.
841 1813 880 1849 F.
902 1814 1006 1849 Vrba
1034 1816 1071 1849 et
1097 1814 1128 1850 J.
1150 1814 1287 1859 Zycha
1321 1813 1472 1860 [Corp..

158 1860 272 1896 Vind.
293 1859 353 1905 60]
382 1860 498 1906 (Any.
514 1862 600 1896 nat.
621 1862 662 1896 et
685 1860 824 1906 9rat.).

99 1933 143 1937 —
161 1913 369 2005 epi.3{¹}lae⁷
396 1923 473 1949 rec,
494 1914 541 1949 A.
565 1913 822 1950 Goldbacher
842 1912 973 1960 [Corp.
994 1914 1112 1950 vind.
1125 1914 1172 1950 34
1192 1916 1234 1950 ut
1252 1912 1313 1960 44]
1335 1913 1453 1960 (Any.

99 2032 144 2036 —
159 1970 354 2068 zita-ima
393 2014 641 2056 dialecticae,
687 2024 849 2061 recogn.
884 2017 922 2051 et
961 2015 1052 2050 adn.
1087 2014 1290 2051 Crecelius
1335 2013 1452 2060 (Any.

99 2127 142 2131 —
157 2061 454 2152 ἕξιέξῗὲἐιίῃωτ
469 2109 646 2154 regulae,
662 2119 711 2144 ex
726 2119 878 2145 recens.
895 2109 941 2145 H.
954 2109 1070 2144 Keilii
1086 2109 1384 2155 (Au9.9ramm.
1397 2109 1452 2153 V).

98 2154 271 2191 Ausonii
292 2157 343 2191 ad
366 2155 600 2192 Gratianum
621 2157 838 2201 gratiarum
860 2157 982 2192 actio:
1004 2157 1200 2202 opuscula
1214 2166 1292 2193 rec.
1306 2157 1349 2193 R.
1363 2156 1452 2192 Pei-

154 2212 224 2247 per
250 2203 417 2245 (Auson.
437 2205 547 2248 yrat.
574 2203 683 2248 act).

100 2255 240 2291 Bedae
278 2256 377 2292 liber
412 2257 464 2292 de
496 2260 579 2293 arte
613 2257 790 2299 metrica,
824 2267 874 2293 ex
910 2267 1061 2293 recens.
1097 2257 1143 2293 H.
1171 2257 1287 2293 Keilii
1322 2256 1452 2300 (Beda

161 2313 338 2348 yramm.
363 2303 454 2349 VII).
