<?xml version="1.0" encoding="UTF-8"?>
<!DOCTYPE html PUBLIC "-//W3C//DTD XHTML 1.0 Transitional//EN"
    "http://www.w3.org/TR/xhtml1/DTD/xhtml1-transitional.dtd">
<html xmlns="http://www.w3.org/1999/xhtml" xml:lang="en" lang="en">
 <head>
  <title>
</title>
<meta http-equiv="Content-Type" content="text/html;charset=utf-8" />
  <meta name='ocr-system' content='tesseract 3.04.00' />
  <meta name='ocr-capabilities' content='ocr_page ocr_carea ocr_par ocr_line ocrx_word'/>
</head>
<body>
  <div class='ocr_page' id='page_1' title='image "./catilinaiugurtha00salluoft_0142.png"; bbox 0 0 1593 2496; ppageno 0'>
   <div class='ocr_carea' id='block_1_1' title="bbox 147 54 1063 99">
    <p class='ocr_par' dir='ltr' id='par_1_1' title="bbox 147 54 1063 99">
     <span class='ocr_line' id='line_1_1' title="bbox 147 54 1063 99; baseline -0.002 -5"><span class='ocrx_word' id='word_1_1' title='bbox 147 60 229 99; x_wconf 83' lang='lat'>130</span> <span class='ocrx_word' id='word_1_2' title='bbox 572 54 612 91; x_wconf 90' lang='lat' dir='ltr'>C.</span> <span class='ocrx_word' id='word_1_3' title='bbox 633 55 876 92; x_wconf 86' lang='lat' dir='ltr'>SALLUSTI</span> <span class='ocrx_word' id='word_1_4' title='bbox 905 55 1063 93; x_wconf 85' lang='lat' dir='ltr'>CRISPI</span> 
     </span>
    </p>
   </div>
   <div class='ocr_carea' id='block_1_2' title="bbox 72 167 1546 1875">
    <p class='ocr_par' dir='ltr' id='par_1_2' title="bbox 139 167 1494 338">
     <span class='ocr_line' id='line_1_2' title="bbox 139 167 1494 220; baseline 0.004 -15"><span class='ocrx_word' id='word_1_5' title='bbox 139 172 271 216; x_wconf 88' lang='lat' dir='ltr'>atque</span> <span class='ocrx_word' id='word_1_6' title='bbox 298 167 480 217; x_wconf 90' lang='lat' dir='ltr'>imperio</span> <span class='ocrx_word' id='word_1_7' title='bbox 508 167 574 207; x_wconf 87' lang='lat' dir='ltr'>his</span> <span class='ocrx_word' id='word_1_8' title='bbox 602 167 683 206; x_wconf 91' lang='lat' dir='ltr'>illis</span> <span class='ocrx_word' id='word_1_9' title='bbox 712 179 788 216; x_wconf 92' lang='lat' dir='ltr'>pro</span> <span class='ocrx_word' id='word_1_10' title='bbox 810 167 949 208; x_wconf 88' lang='lat' dir='ltr'>salute</span> <span class='ocrx_word' id='word_1_11' title='bbox 971 170 1244 216; x_wconf 85' lang='lat' dir='ltr'><strong>certantibus,</strong></span> <span class='ocrx_word' id='word_1_12' title='bbox 1272 176 1447 220; x_wconf 89' lang='lat' dir='ltr'>repente</span> <span class='ocrx_word' id='word_1_13' title='bbox 1467 183 1494 211; x_wconf 89' lang='lat' dir='ltr'>a</span> 
     </span>
     <span class='ocr_line' id='line_1_3' title="bbox 141 227 1493 279; baseline 0.004 -15"><span class='ocrx_word' id='word_1_14' title='bbox 141 232 268 275; x_wconf 83' lang='lat' dir='ltr'>tergo</span> <span class='ocrx_word' id='word_1_15' title='bbox 288 227 412 276; x_wconf 91' lang='lat' dir='ltr'>signa</span> <span class='ocrx_word' id='word_1_16' title='bbox 440 238 611 272; x_wconf 89' lang='lat' dir='ltr'>canere;</span> <span class='ocrx_word' id='word_1_17' title='bbox 638 238 688 266; x_wconf 94' lang='lat' dir='ltr'>ac</span> <span class='ocrx_word' id='word_1_18' title='bbox 716 227 853 275; x_wconf 92' lang='lat' dir='ltr'>primo</span> <span class='ocrx_word' id='word_1_19' title='bbox 882 228 1083 268; x_wconf 89' lang='lat' dir='ltr'>mulieres</span> <span class='ocrx_word' id='word_1_20' title='bbox 1111 234 1151 268; x_wconf 86' lang='lat' dir='ltr'>et</span> <span class='ocrx_word' id='word_1_21' title='bbox 1179 231 1311 279; x_wconf 89' lang='lat' dir='ltr'>pueri,</span> <span class='ocrx_word' id='word_1_22' title='bbox 1339 231 1412 279; x_wconf 91' lang='lat' dir='ltr'>qui</span> <span class='ocrx_word' id='word_1_23' title='bbox 1431 231 1493 270; x_wconf 88' lang='lat' dir='ltr'>vi-</span> 
     </span>
     <span class='ocr_line' id='line_1_4' title="bbox 141 286 1494 338; baseline 0.004 -15"><span class='ocrx_word' id='word_1_24' title='bbox 141 296 237 324; x_wconf 91' lang='lat' dir='ltr'>sum</span> <span class='ocrx_word' id='word_1_25' title='bbox 259 291 569 335; x_wconf 77' lang='lat' dir='ltr'>processerant,</span> <span class='ocrx_word' id='word_1_26' title='bbox 596 286 757 335; x_wconf 77' lang='lat' dir='ltr'>fugere,</span> <span class='ocrx_word' id='word_1_27' title='bbox 785 286 944 327; x_wconf 91' lang='lat' dir='ltr'>deinde</span> <span class='ocrx_word' id='word_1_28' title='bbox 965 288 1026 326; x_wconf 93' lang='lat' dir='ltr'>uti</span> <span class='ocrx_word' id='word_1_29' title='bbox 1047 289 1232 338; x_wconf 91' lang='lat' dir='ltr'>quisque</span> <span class='ocrx_word' id='word_1_30' title='bbox 1253 300 1376 329; x_wconf 92' lang='lat' dir='ltr'>muro</span> <span class='ocrx_word' id='word_1_31' title='bbox 1398 300 1494 338; x_wconf 86' lang='lat' dir='ltr'>pro-</span> 
     </span>
    </p>

    <p class='ocr_par' dir='ltr' id='par_1_3' title="bbox 88 345 1541 575">
     <span class='ocr_line' id='line_1_5' title="bbox 88 345 1491 398; baseline 0.004 -15"><span class='ocrx_word' id='word_1_32' title='bbox 88 345 112 377; x_wconf 80' lang='grc'><strong>6</strong></span> <span class='ocrx_word' id='word_1_33' title='bbox 140 356 296 384; x_wconf 84' lang='lat' dir='ltr'>xumus</span> <span class='ocrx_word' id='word_1_34' title='bbox 324 349 423 391; x_wconf 88' lang='lat' dir='ltr'>erat,</span> <span class='ocrx_word' id='word_1_35' title='bbox 450 349 671 394; x_wconf 89' lang='lat' dir='ltr'>postremo</span> <span class='ocrx_word' id='word_1_36' title='bbox 700 346 852 391; x_wconf 89' lang='lat' dir='ltr'>cuncti,</span> <span class='ocrx_word' id='word_1_37' title='bbox 880 347 1031 385; x_wconf 87' lang='lat' dir='ltr'>armati</span> <span class='ocrx_word' id='word_1_38' title='bbox 1054 347 1339 398; x_wconf 87' lang='lat' dir='ltr'>inermesque.</span> <span class='ocrx_word' id='word_1_39' title='bbox 1372 349 1491 398; x_wconf 90' lang='lat' dir='ltr'>quod</span> 
     </span>
     <span class='ocr_line' id='line_1_6' title="bbox 136 403 1541 456; baseline 0.005 -16"><span class='ocrx_word' id='word_1_40' title='bbox 136 403 211 443; x_wconf 81' lang='lat' dir='ltr'>ubi</span> <span class='ocrx_word' id='word_1_41' title='bbox 233 404 398 450; x_wconf 90' lang='lat' dir='ltr'>accidit,</span> <span class='ocrx_word' id='word_1_42' title='bbox 425 416 477 444; x_wconf 90' lang='lat' dir='ltr'>eo</span> <span class='ocrx_word' id='word_1_43' title='bbox 499 405 637 443; x_wconf 92' lang='lat' dir='ltr'>acrius</span> <span class='ocrx_word' id='word_1_44' title='bbox 659 403 841 444; x_wconf 89' lang='lat' dir='ltr'>Romani</span> <span class='ocrx_word' id='word_1_45' title='bbox 864 406 1033 451; x_wconf 91' lang='lat' dir='ltr'>instare,</span> <span class='ocrx_word' id='word_1_46' title='bbox 1061 406 1240 446; x_wconf 78' lang='lat' dir='ltr'>fundere</span> <span class='ocrx_word' id='word_1_47' title='bbox 1260 418 1310 446; x_wconf 92' lang='lat' dir='ltr'>ac</span> <span class='ocrx_word' id='word_1_48' title='bbox 1331 406 1493 456; x_wconf 85' lang='lat' dir='ltr'>pleros·</span> <span class='ocrx_word' id='word_1_49' title='bbox 1522 416 1541 443; x_wconf 86' lang='lat'>5</span> 
     </span>
     <span class='ocr_line' id='line_1_7' title="bbox 141 463 1493 514; baseline 0.003 -12"><span class='ocrx_word' id='word_1_50' title='bbox 141 474 226 511; x_wconf 91' lang='lat' dir='ltr'>que</span> <span class='ocrx_word' id='word_1_51' title='bbox 261 463 565 503; x_wconf 89' lang='lat' dir='ltr'>tantummodo</span> <span class='ocrx_word' id='word_1_52' title='bbox 599 464 805 509; x_wconf 79' lang='lat' dir='ltr'>sauciare,</span> <span class='ocrx_word' id='word_1_53' title='bbox 838 464 938 503; x_wconf 92' lang='lat' dir='ltr'>dein</span> <span class='ocrx_word' id='word_1_54' title='bbox 972 476 1102 514; x_wconf 90' lang='lat' dir='ltr'>super</span> <span class='ocrx_word' id='word_1_55' title='bbox 1134 466 1375 506; x_wconf 91' lang='lat' dir='ltr'>occisorum</span> <span class='ocrx_word' id='word_1_56' title='bbox 1403 477 1493 506; x_wconf 90' lang='lat' dir='ltr'>cor-</span> 
     </span>
     <span class='ocr_line' id='line_1_8' title="bbox 140 522 1492 575; baseline 0.004 -15"><span class='ocrx_word' id='word_1_57' title='bbox 140 533 246 570; x_wconf 91' lang='lat' dir='ltr'>pora</span> <span class='ocrx_word' id='word_1_58' title='bbox 259 523 431 568; x_wconf 87' lang='lat' dir='ltr'>vadere,</span> <span class='ocrx_word' id='word_1_59' title='bbox 454 522 570 561; x_wconf 86' lang='lat' dir='ltr'>avidi</span> <span class='ocrx_word' id='word_1_60' title='bbox 585 522 749 572; x_wconf 90' lang='lat' dir='ltr'>gloriae</span> <span class='ocrx_word' id='word_1_61' title='bbox 764 527 974 563; x_wconf 83' lang='lat' dir='ltr'>certantes</span> <span class='ocrx_word' id='word_1_62' title='bbox 990 536 1160 563; x_wconf 93' lang='lat' dir='ltr'>murum</span> <span class='ocrx_word' id='word_1_63' title='bbox 1176 529 1334 574; x_wconf 90' lang='lat' dir='ltr'>petere,</span> <span class='ocrx_word' id='word_1_64' title='bbox 1347 536 1492 575; x_wconf 88' lang='lat' dir='ltr'>neque</span> 
     </span>
    </p>

    <p class='ocr_par' dir='ltr' id='par_1_4' title="bbox 92 582 1493 691">
     <span class='ocr_line' id='line_1_9' title="bbox 92 582 1493 631; baseline 0.003 -11"><span class='ocrx_word' id='word_1_65' title='bbox 92 582 112 613; x_wconf 86' lang='lat'>7</span> <span class='ocrx_word' id='word_1_66' title='bbox 141 592 406 631; x_wconf 89' lang='lat' dir='ltr'>quemquam</span> <span class='ocrx_word' id='word_1_67' title='bbox 442 583 637 621; x_wconf 90' lang='lat' dir='ltr'>omnium</span> <span class='ocrx_word' id='word_1_68' title='bbox 671 582 832 631; x_wconf 91' lang='lat' dir='ltr'>praeda</span> <span class='ocrx_word' id='word_1_69' title='bbox 865 584 1032 623; x_wconf 89' lang='lat' dir='ltr'>morari.</span> <span class='ocrx_word' id='word_1_70' title='bbox 1072 584 1133 622; x_wconf 90' lang='lat' dir='ltr'>sic</span> <span class='ocrx_word' id='word_1_71' title='bbox 1164 583 1271 624; x_wconf 82' lang='lat' dir='ltr'>forte</span> <span class='ocrx_word' id='word_1_72' title='bbox 1303 589 1493 624; x_wconf 89' lang='lat' dir='ltr'>correcta</span> 
     </span>
     <span class='ocr_line' id='line_1_10' title="bbox 139 639 1136 691; baseline 0.004 -13"><span class='ocrx_word' id='word_1_73' title='bbox 139 639 244 679; x_wconf 89' lang='lat' dir='ltr'>Mari</span> <span class='ocrx_word' id='word_1_74' title='bbox 272 642 488 680; x_wconf 87' lang='lat' dir='ltr'>temeritas</span> <span class='ocrx_word' id='word_1_75' title='bbox 516 641 697 690; x_wconf 83' lang='lat' dir='ltr'>gloriam</span> <span class='ocrx_word' id='word_1_76' title='bbox 727 652 779 680; x_wconf 88' lang='lat' dir='ltr'>ex</span> <span class='ocrx_word' id='word_1_77' title='bbox 807 641 934 691; x_wconf 92' lang='lat' dir='ltr'>culpa</span> <span class='ocrx_word' id='word_1_78' title='bbox 961 643 1136 682; x_wconf 86' lang='lat' dir='ltr'>invenit.</span> 
     </span>
    </p>

    <p class='ocr_par' dir='ltr' id='par_1_5' title="bbox 72 697 1546 868">
     <span class='ocr_line' id='line_1_11' title="bbox 72 697 1546 751; baseline 0 -12"><span class='ocrx_word' id='word_1_79' title='bbox 72 697 128 734; x_wconf 82' lang='grc'>95</span> <span class='ocrx_word' id='word_1_80' title='bbox 200 698 410 746; x_wconf 89' lang='lat' dir='ltr'>Ceterum,</span> <span class='ocrx_word' id='word_1_81' title='bbox 445 700 547 739; x_wconf 92' lang='lat' dir='ltr'>dum</span> <span class='ocrx_word' id='word_1_82' title='bbox 577 711 628 740; x_wconf 91' lang='lat' dir='ltr'>ea</span> <span class='ocrx_word' id='word_1_83' title='bbox 656 711 721 739; x_wconf 89' lang='lat' dir='ltr'>res</span> <span class='ocrx_word' id='word_1_84' title='bbox 749 701 918 749; x_wconf 83' lang='lat' dir='ltr'>geritur,</span> <span class='ocrx_word' id='word_1_85' title='bbox 945 701 987 741; x_wconf 89' lang='lat' dir='ltr'>L.</span> <span class='ocrx_word' id='word_1_86' title='bbox 1015 700 1135 741; x_wconf 88' lang='lat' dir='ltr'>Sulla</span> <span class='ocrx_word' id='word_1_87' title='bbox 1162 707 1366 751; x_wconf 87' lang='lat' dir='ltr'>quaestor</span> <span class='ocrx_word' id='word_1_88' title='bbox 1392 711 1546 742; x_wconf 86' lang='lat' dir='ltr'>cum10</span> 
     </span>
     <span class='ocr_line' id='line_1_12' title="bbox 138 760 1493 809; baseline 0.003 -12"><span class='ocrx_word' id='word_1_89' title='bbox 138 770 299 809; x_wconf 90' lang='lat' dir='ltr'>magno</span> <span class='ocrx_word' id='word_1_90' title='bbox 329 761 521 809; x_wconf 91' lang='lat' dir='ltr'>equitatu</span> <span class='ocrx_word' id='word_1_91' title='bbox 550 760 592 798; x_wconf 90' lang='lat' dir='ltr'>in</span> <span class='ocrx_word' id='word_1_92' title='bbox 621 763 758 798; x_wconf 89' lang='lat' dir='ltr'>castra</span> <span class='ocrx_word' id='word_1_93' title='bbox 783 761 914 806; x_wconf 90' lang='lat' dir='ltr'>venit,</span> <span class='ocrx_word' id='word_1_94' title='bbox 942 772 1053 809; x_wconf 90' lang='lat' dir='ltr'>quos</span> <span class='ocrx_word' id='word_1_95' title='bbox 1082 762 1140 800; x_wconf 92' lang='lat' dir='ltr'>uti</span> <span class='ocrx_word' id='word_1_96' title='bbox 1170 773 1221 801; x_wconf 87' lang='lat' dir='ltr'>ex</span> <span class='ocrx_word' id='word_1_97' title='bbox 1250 761 1370 802; x_wconf 87' lang='lat' dir='ltr'>Latio</span> <span class='ocrx_word' id='word_1_98' title='bbox 1398 766 1440 801; x_wconf 88' lang='lat' dir='ltr'>et</span> <span class='ocrx_word' id='word_1_99' title='bbox 1466 773 1493 801; x_wconf 92' lang='lat' dir='ltr'>a</span> 
     </span>
     <span class='ocr_line' id='line_1_13' title="bbox 137 818 996 868; baseline 0.002 -11"><span class='ocrx_word' id='word_1_100' title='bbox 137 819 267 858; x_wconf 91' lang='lat' dir='ltr'>sociis</span> <span class='ocrx_word' id='word_1_101' title='bbox 295 824 478 868; x_wconf 87' lang='lat' dir='ltr'>cogeret,</span> <span class='ocrx_word' id='word_1_102' title='bbox 506 818 671 858; x_wconf 82' lang='lat' dir='ltr'>Romae</span> <span class='ocrx_word' id='word_1_103' title='bbox 700 818 869 858; x_wconf 89' lang='lat' dir='ltr'>relictus</span> <span class='ocrx_word' id='word_1_104' title='bbox 897 824 996 859; x_wconf 91' lang='lat' dir='ltr'>erat.</span> 
     </span>
    </p>

    <p class='ocr_par' dir='ltr' id='par_1_6' title="bbox 86 877 1540 1164">
     <span class='ocr_line' id='line_1_14' title="bbox 86 877 1490 927; baseline 0.001 -10"><span class='ocrx_word' id='word_1_105' title='bbox 86 877 108 909; x_wconf 83' lang='grc'>2</span> <span class='ocrx_word' id='word_1_106' title='bbox 197 877 283 917; x_wconf 89' lang='lat' dir='ltr'>Sed</span> <span class='ocrx_word' id='word_1_107' title='bbox 318 879 526 927; x_wconf 88' lang='lat' dir='ltr'>quoniam</span> <span class='ocrx_word' id='word_1_108' title='bbox 557 889 638 918; x_wconf 92' lang='lat' dir='ltr'>nos</span> <span class='ocrx_word' id='word_1_109' title='bbox 674 879 779 917; x_wconf 90' lang='lat' dir='ltr'>tanti</span> <span class='ocrx_word' id='word_1_110' title='bbox 806 879 883 917; x_wconf 88' lang='lat' dir='ltr'>viri</span> <span class='ocrx_word' id='word_1_111' title='bbox 918 890 984 918; x_wconf 91' lang='lat' dir='ltr'>res</span> <span class='ocrx_word' id='word_1_112' title='bbox 1011 879 1249 925; x_wconf 85' lang='lat' dir='ltr'>admonuit,</span> <span class='ocrx_word' id='word_1_113' title='bbox 1282 880 1490 919; x_wconf 92' lang='lat' dir='ltr'>idoneum</span> 
     </span>
     <span class='ocr_line' id='line_1_15' title="bbox 134 937 1491 988; baseline 0.001 -12"><span class='ocrx_word' id='word_1_114' title='bbox 134 938 277 976; x_wconf 87' lang='lat' dir='ltr'>visum</span> <span class='ocrx_word' id='word_1_115' title='bbox 306 942 370 976; x_wconf 89' lang='lat' dir='ltr'>est</span> <span class='ocrx_word' id='word_1_116' title='bbox 397 938 450 977; x_wconf 90' lang='lat' dir='ltr'>de</span> <span class='ocrx_word' id='word_1_117' title='bbox 472 942 623 976; x_wconf 88' lang='lat' dir='ltr'>natura</span> <span class='ocrx_word' id='word_1_118' title='bbox 644 937 850 986; x_wconf 88' lang='lat' dir='ltr'>cultuque</span> <span class='ocrx_word' id='word_1_119' title='bbox 872 939 963 977; x_wconf 90' lang='lat' dir='ltr'>eius</span> <span class='ocrx_word' id='word_1_120' title='bbox 986 939 1136 986; x_wconf 88' lang='lat' dir='ltr'>paucis</span> <span class='ocrx_word' id='word_1_121' title='bbox 1158 938 1311 978; x_wconf 87' lang='lat' dir='ltr'>dicere.</span> <span class='ocrx_word' id='word_1_122' title='bbox 1346 950 1491 988; x_wconf 89' lang='lat' dir='ltr'>neque</span> 
     </span>
     <span class='ocr_line' id='line_1_16' title="bbox 136 995 1540 1038; baseline 0.002 -3"><span class='ocrx_word' id='word_1_123' title='bbox 136 997 251 1035; x_wconf 86' lang='lat' dir='ltr'>enirn</span> <span class='ocrx_word' id='word_1_124' title='bbox 279 996 364 1037; x_wconf 94' lang='lat' dir='ltr'>alio</span> <span class='ocrx_word' id='word_1_125' title='bbox 391 996 488 1036; x_wconf 90' lang='lat' dir='ltr'>loco</span> <span class='ocrx_word' id='word_1_126' title='bbox 517 997 572 1036; x_wconf 92' lang='lat' dir='ltr'>de</span> <span class='ocrx_word' id='word_1_127' title='bbox 599 995 745 1035; x_wconf 90' lang='lat' dir='ltr'>Sullae</span> <span class='ocrx_word' id='word_1_128' title='bbox 773 997 900 1036; x_wconf 90' lang='lat' dir='ltr'>rebus</span> <span class='ocrx_word' id='word_1_129' title='bbox 928 997 1079 1036; x_wconf 91' lang='lat' dir='ltr'>dicturi</span> <span class='ocrx_word' id='word_1_130' title='bbox 1107 1009 1257 1037; x_wconf 92' lang='lat' dir='ltr'>sumus</span> <span class='ocrx_word' id='word_1_131' title='bbox 1286 1002 1326 1037; x_wconf 92' lang='lat' dir='ltr'>et</span> <span class='ocrx_word' id='word_1_132' title='bbox 1353 998 1395 1038; x_wconf 93' lang='lat' dir='ltr'>L.</span> <span class='ocrx_word' id='word_1_133' title='bbox 1423 997 1485 1037; x_wconf 87' lang='lat' dir='ltr'>Si·</span> <span class='ocrx_word' id='word_1_134' title='bbox 1506 1007 1540 1033; x_wconf 82' lang='lat'>15</span> 
     </span>
     <span class='ocr_line' id='line_1_17' title="bbox 135 1056 1484 1106; baseline 0.002 -12"><span class='ocrx_word' id='word_1_135' title='bbox 135 1067 284 1101; x_wconf 87' lang='lat' dir='ltr'>senna,</span> <span class='ocrx_word' id='word_1_136' title='bbox 316 1060 495 1105; x_wconf 88' lang='lat' dir='ltr'>optume</span> <span class='ocrx_word' id='word_1_137' title='bbox 529 1061 568 1095; x_wconf 86' lang='lat' dir='ltr'>et</span> <span class='ocrx_word' id='word_1_138' title='bbox 602 1056 947 1104; x_wconf 85' lang='lat' dir='ltr'>diligentissume</span> <span class='ocrx_word' id='word_1_139' title='bbox 975 1057 1182 1102; x_wconf 90' lang='lat' dir='ltr'>omnium,</span> <span class='ocrx_word' id='word_1_140' title='bbox 1216 1058 1289 1106; x_wconf 88' lang='lat' dir='ltr'>qui</span> <span class='ocrx_word' id='word_1_141' title='bbox 1317 1068 1390 1096; x_wconf 87' lang='lat' dir='ltr'>eas</span> <span class='ocrx_word' id='word_1_142' title='bbox 1417 1068 1484 1097; x_wconf 87' lang='lat' dir='ltr'>res</span> 
     </span>
     <span class='ocr_line' id='line_1_18' title="bbox 135 1115 1483 1164; baseline 0.002 -11"><span class='ocrx_word' id='word_1_143' title='bbox 135 1115 292 1161; x_wconf 85' lang='lat' dir='ltr'>dixere,</span> <span class='ocrx_word' id='word_1_144' title='bbox 314 1120 576 1164; x_wconf 86' lang='lat' dir='ltr'>persecutus,</span> <span class='ocrx_word' id='word_1_145' title='bbox 592 1126 742 1164; x_wconf 88' lang='lat' dir='ltr'>parum</span> <span class='ocrx_word' id='word_1_146' title='bbox 759 1115 863 1154; x_wconf 92' lang='lat' dir='ltr'>mihi</span> <span class='ocrx_word' id='word_1_147' title='bbox 878 1115 1014 1154; x_wconf 91' lang='lat' dir='ltr'>libero</span> <span class='ocrx_word' id='word_1_148' title='bbox 1031 1126 1103 1155; x_wconf 92' lang='lat' dir='ltr'>ore</span> <span class='ocrx_word' id='word_1_149' title='bbox 1118 1115 1288 1155; x_wconf 87' lang='lat' dir='ltr'>locutus</span> <span class='ocrx_word' id='word_1_150' title='bbox 1302 1116 1483 1156; x_wconf 66' lang='lat' dir='ltr'>videtur.</span> 
     </span>
    </p>

    <p class='ocr_par' dir='ltr' id='par_1_7' title="bbox 82 1173 1543 1639">
     <span class='ocr_line' id='line_1_19' title="bbox 82 1173 1483 1224; baseline 0.002 -12"><span class='ocrx_word' id='word_1_151' title='bbox 82 1173 107 1205; x_wconf 84' lang='lat'><strong>3</strong></span> <span class='ocrx_word' id='word_1_152' title='bbox 134 1173 263 1223; x_wconf 82' lang='lat' dir='ltr'>Igitur</span> <span class='ocrx_word' id='word_1_153' title='bbox 289 1174 408 1214; x_wconf 91' lang='lat' dir='ltr'>Sulla</span> <span class='ocrx_word' id='word_1_154' title='bbox 439 1176 579 1224; x_wconf 91' lang='lat' dir='ltr'>gentis</span> <span class='ocrx_word' id='word_1_155' title='bbox 614 1175 816 1223; x_wconf 88' lang='lat' dir='ltr'>patriciae</span> <span class='ocrx_word' id='word_1_156' title='bbox 849 1174 1007 1214; x_wconf 92' lang='lat' dir='ltr'>nobilis</span> <span class='ocrx_word' id='word_1_157' title='bbox 1038 1174 1126 1221; x_wconf 76' lang='lat' dir='ltr'>luit,</span> <span class='ocrx_word' id='word_1_158' title='bbox 1159 1175 1321 1214; x_wconf 80' lang='lat' dir='ltr'>familia</span> <span class='ocrx_word' id='word_1_159' title='bbox 1348 1186 1483 1224; x_wconf 91' lang='lat' dir='ltr'>prope</span> 
     </span>
     <span class='ocr_line' id='line_1_20' title="bbox 135 1233 1485 1284; baseline 0.002 -13"><span class='ocrx_word' id='word_1_160' title='bbox 135 1235 220 1272; x_wconf 90' lang='lat' dir='ltr'>iam</span> <span class='ocrx_word' id='word_1_161' title='bbox 241 1235 428 1274; x_wconf 82' lang='lat' dir='ltr'>extincta</span> <span class='ocrx_word' id='word_1_162' title='bbox 449 1235 660 1274; x_wconf 91' lang='lat' dir='ltr'>maiorum</span> <span class='ocrx_word' id='word_1_163' title='bbox 683 1234 868 1282; x_wconf 89' lang='lat' dir='ltr'>ignavia,</span> <span class='ocrx_word' id='word_1_164' title='bbox 889 1233 1036 1272; x_wconf 89' lang='lat' dir='ltr'>litteris</span> <span class='ocrx_word' id='word_1_165' title='bbox 1059 1233 1234 1273; x_wconf 86' lang='lat' dir='ltr'>Graecis</span> <span class='ocrx_word' id='word_1_166' title='bbox 1256 1239 1386 1284; x_wconf 90' lang='lat' dir='ltr'>atque</span> <span class='ocrx_word' id='word_1_167' title='bbox 1408 1234 1485 1274; x_wconf 87' lang='lat' dir='ltr'>La-</span> 
     </span>
     <span class='ocr_line' id='line_1_21' title="bbox 134 1289 1539 1343; baseline -0.001 -12"><span class='ocrx_word' id='word_1_168' title='bbox 134 1293 232 1332; x_wconf 86' lang='lat' dir='ltr'>tinis</span> <span class='ocrx_word' id='word_1_169' title='bbox 265 1294 382 1332; x_wconf 87' lang='lat' dir='ltr'>iuxta</span> <span class='ocrx_word' id='word_1_170' title='bbox 410 1290 556 1343; x_wconf 84' lang='lat' dir='ltr'>[atque</span> <span class='ocrx_word' id='word_1_171' title='bbox 584 1289 865 1341; x_wconf 91' lang='lat' dir='ltr'>doctissume]</span> <span class='ocrx_word' id='word_1_172' title='bbox 895 1293 1098 1339; x_wconf 86' lang='lat' dir='ltr'>eruditus,</span> <span class='ocrx_word' id='word_1_173' title='bbox 1132 1294 1278 1333; x_wconf 86' lang='lat' dir='ltr'>animo</span> <span class='ocrx_word' id='word_1_174' title='bbox 1307 1294 1483 1343; x_wconf 86' lang='lat' dir='ltr'>ingenti,</span> <span class='ocrx_word' id='word_1_175' title='bbox 1504 1301 1539 1329; x_wconf 86' lang='lat'>20</span> 
     </span>
     <span class='ocr_line' id='line_1_22' title="bbox 134 1351 1485 1401; baseline 0.001 -10"><span class='ocrx_word' id='word_1_176' title='bbox 134 1353 318 1400; x_wconf 86' lang='lat' dir='ltr'>cupidus</span> <span class='ocrx_word' id='word_1_177' title='bbox 339 1352 611 1401; x_wconf 87' lang='lat' dir='ltr'>voluptatum</span> <span class='ocrx_word' id='word_1_178' title='bbox 633 1352 709 1392; x_wconf 87' lang='lat' dir='ltr'>sed</span> <span class='ocrx_word' id='word_1_179' title='bbox 732 1352 895 1401; x_wconf 90' lang='lat' dir='ltr'>gloriae</span> <span class='ocrx_word' id='word_1_180' title='bbox 917 1351 1130 1401; x_wconf 89' lang='lat' dir='ltr'>cupidior;</span> <span class='ocrx_word' id='word_1_181' title='bbox 1152 1353 1240 1392; x_wconf 93' lang='lat' dir='ltr'>otio</span> <span class='ocrx_word' id='word_1_182' title='bbox 1262 1352 1485 1392; x_wconf 90' lang='lat' dir='ltr'>luxurioso</span> 
     </span>
     <span class='ocr_line' id='line_1_23' title="bbox 136 1411 1486 1461; baseline 0.001 -11"><span class='ocrx_word' id='word_1_183' title='bbox 136 1422 244 1457; x_wconf 87' lang='lat' dir='ltr'>esse,</span> <span class='ocrx_word' id='word_1_184' title='bbox 277 1417 421 1452; x_wconf 85' lang='lat' dir='ltr'>tamen</span> <span class='ocrx_word' id='word_1_185' title='bbox 456 1412 510 1451; x_wconf 88' lang='lat' dir='ltr'>ab</span> <span class='ocrx_word' id='word_1_186' title='bbox 544 1412 730 1461; x_wconf 90' lang='lat' dir='ltr'>negotiis</span> <span class='ocrx_word' id='word_1_187' title='bbox 763 1422 1002 1460; x_wconf 89' lang='lat' dir='ltr'>numquam</span> <span class='ocrx_word' id='word_1_188' title='bbox 1029 1411 1233 1460; x_wconf 89' lang='lat' dir='ltr'>voluptas</span> <span class='ocrx_word' id='word_1_189' title='bbox 1261 1415 1486 1457; x_wconf 88' lang='lat' dir='ltr'>remorata,</span> 
     </span>
     <span class='ocr_line' id='line_1_24' title="bbox 135 1470 1488 1520; baseline 0 -11"><span class='ocrx_word' id='word_1_190' title='bbox 135 1472 218 1510; x_wconf 88' lang='lat' dir='ltr'>nisi</span> <span class='ocrx_word' id='word_1_191' title='bbox 245 1472 363 1520; x_wconf 89' lang='lat' dir='ltr'>quod</span> <span class='ocrx_word' id='word_1_192' title='bbox 392 1471 446 1510; x_wconf 90' lang='lat' dir='ltr'>de</span> <span class='ocrx_word' id='word_1_193' title='bbox 473 1482 607 1510; x_wconf 84' lang='lat' dir='ltr'>uxore</span> <span class='ocrx_word' id='word_1_194' title='bbox 635 1472 774 1520; x_wconf 91' lang='lat' dir='ltr'>potuit</span> <span class='ocrx_word' id='word_1_195' title='bbox 800 1470 1025 1510; x_wconf 90' lang='lat' dir='ltr'>honestius</span> <span class='ocrx_word' id='word_1_196' title='bbox 1048 1470 1232 1515; x_wconf 87' lang='lat' dir='ltr'>consuli;</span> <span class='ocrx_word' id='word_1_197' title='bbox 1260 1470 1488 1516; x_wconf 78' lang='lat' dir='ltr'>facundus,</span> 
     </span>
     <span class='ocr_line' id='line_1_25' title="bbox 137 1529 1487 1579; baseline 0 -10"><span class='ocrx_word' id='word_1_198' title='bbox 137 1530 317 1569; x_wconf 87' lang='lat' dir='ltr'>callidus</span> <span class='ocrx_word' id='word_1_199' title='bbox 340 1535 381 1570; x_wconf 91' lang='lat' dir='ltr'>et</span> <span class='ocrx_word' id='word_1_200' title='bbox 401 1531 589 1569; x_wconf 91' lang='lat' dir='ltr'>amicitia</span> <span class='ocrx_word' id='word_1_201' title='bbox 609 1530 756 1575; x_wconf 84' lang='lat' dir='ltr'>facilis,</span> <span class='ocrx_word' id='word_1_202' title='bbox 778 1529 832 1568; x_wconf 89' lang='lat' dir='ltr'>ad</span> <span class='ocrx_word' id='word_1_203' title='bbox 855 1529 1099 1568; x_wconf 90' lang='lat' dir='ltr'>simulanda</span> <span class='ocrx_word' id='word_1_204' title='bbox 1114 1530 1292 1579; x_wconf 90' lang='lat' dir='ltr'>negotia</span> <span class='ocrx_word' id='word_1_205' title='bbox 1305 1529 1487 1570; x_wconf 86' lang='lat' dir='ltr'>altitudo</span> 
     </span>
     <span class='ocr_line' id='line_1_26' title="bbox 137 1589 1543 1639; baseline -0.001 -10"><span class='ocrx_word' id='word_1_206' title='bbox 137 1590 283 1639; x_wconf 88' lang='lat' dir='ltr'>ingeni</span> <span class='ocrx_word' id='word_1_207' title='bbox 300 1589 573 1634; x_wconf 90' lang='lat' dir='ltr'>incredibilis,</span> <span class='ocrx_word' id='word_1_208' title='bbox 593 1589 821 1628; x_wconf 89' lang='lat' dir='ltr'>multarum</span> <span class='ocrx_word' id='word_1_209' title='bbox 839 1600 976 1627; x_wconf 89' lang='lat' dir='ltr'>rerum</span> <span class='ocrx_word' id='word_1_210' title='bbox 992 1600 1042 1627; x_wconf 91' lang='lat' dir='ltr'>ac</span> <span class='ocrx_word' id='word_1_211' title='bbox 1057 1600 1259 1628; x_wconf 86' lang='lat' dir='ltr'>maxume</span> <span class='ocrx_word' id='word_1_212' title='bbox 1276 1590 1488 1638; x_wconf 88' lang='lat' dir='ltr'>pecuniae</span> <span class='ocrx_word' id='word_1_213' title='bbox 1508 1597 1543 1625; x_wconf 79' lang='lat'>25</span> 
     </span>
    </p>

    <p class='ocr_par' dir='ltr' id='par_1_8' title="bbox 85 1647 1490 1875">
     <span class='ocr_line' id='line_1_27' title="bbox 85 1647 1490 1699; baseline 0.001 -13"><span class='ocrx_word' id='word_1_214' title='bbox 85 1648 110 1679; x_wconf 73' lang='grc'>4</span> <span class='ocrx_word' id='word_1_215' title='bbox 138 1649 322 1699; x_wconf 84' lang='lat' dir='ltr'>largitor.</span> <span class='ocrx_word' id='word_1_216' title='bbox 353 1653 483 1698; x_wconf 86' lang='lat' dir='ltr'>atque</span> <span class='ocrx_word' id='word_1_217' title='bbox 506 1649 563 1688; x_wconf 90' lang='lat' dir='ltr'>illi</span> <span class='ocrx_word' id='word_1_218' title='bbox 585 1648 850 1688; x_wconf 81' lang='lat' dir='ltr'>felicissumo</span> <span class='ocrx_word' id='word_1_219' title='bbox 873 1649 1068 1687; x_wconf 89' lang='lat' dir='ltr'>omniurn</span> <span class='ocrx_word' id='word_1_220' title='bbox 1090 1652 1190 1687; x_wconf 90' lang='lat' dir='ltr'>ante</span> <span class='ocrx_word' id='word_1_221' title='bbox 1212 1647 1381 1687; x_wconf 90' lang='lat' dir='ltr'>civilem</span> <span class='ocrx_word' id='word_1_222' title='bbox 1403 1649 1490 1687; x_wconf 93' lang='lat' dir='ltr'>vic-</span> 
     </span>
     <span class='ocr_line' id='line_1_28' title="bbox 138 1707 1488 1758; baseline -0.001 -12"><span class='ocrx_word' id='word_1_223' title='bbox 138 1709 289 1748; x_wconf 86' lang='lat' dir='ltr'>toriam</span> <span class='ocrx_word' id='word_1_224' title='bbox 312 1719 551 1758; x_wconf 88' lang='lat' dir='ltr'>numquam</span> <span class='ocrx_word' id='word_1_225' title='bbox 574 1708 970 1756; x_wconf 81' lang='lat' dir='ltr'>superindustriam</span> <span class='ocrx_word' id='word_1_226' title='bbox 987 1707 1156 1746; x_wconf 81' lang='lat' dir='ltr'>fortuna</span> <span class='ocrx_word' id='word_1_227' title='bbox 1170 1707 1256 1753; x_wconf 84' lang='lat' dir='ltr'>fuit,</span> <span class='ocrx_word' id='word_1_228' title='bbox 1278 1707 1488 1756; x_wconf 91' lang='lat' dir='ltr'>multique</span> 
     </span>
     <span class='ocr_line' id='line_1_29' title="bbox 139 1767 1488 1815; baseline -0.002 -8"><span class='ocrx_word' id='word_1_229' title='bbox 139 1769 402 1813; x_wconf 88' lang='lat' dir='ltr'>dubitavere,</span> <span class='ocrx_word' id='word_1_230' title='bbox 436 1768 580 1807; x_wconf 76' lang='lat' dir='ltr'>fortior</span> <span class='ocrx_word' id='word_1_231' title='bbox 614 1778 667 1805; x_wconf 86' lang='lat' dir='ltr'>an</span> <span class='ocrx_word' id='word_1_232' title='bbox 702 1767 863 1806; x_wconf 79' lang='lat' dir='ltr'>felicior</span> <span class='ocrx_word' id='word_1_233' title='bbox 897 1771 1021 1805; x_wconf 88' lang='lat' dir='ltr'>esset.</span> <span class='ocrx_word' id='word_1_234' title='bbox 1060 1777 1161 1804; x_wconf 87' lang='lat' dir='ltr'>nam</span> <span class='ocrx_word' id='word_1_235' title='bbox 1195 1770 1348 1815; x_wconf 89' lang='lat' dir='ltr'>postea</span> <span class='ocrx_word' id='word_1_236' title='bbox 1375 1777 1488 1815; x_wconf 87' lang='lat' dir='ltr'>quae</span> 
     </span>
     <span class='ocr_line' id='line_1_30' title="bbox 138 1825 1488 1875; baseline -0.001 -9"><span class='ocrx_word' id='word_1_237' title='bbox 138 1828 293 1873; x_wconf 79' lang='lat' dir='ltr'>iecerit,</span> <span class='ocrx_word' id='word_1_238' title='bbox 315 1828 521 1867; x_wconf 89' lang='lat' dir='ltr'>incertum</span> <span class='ocrx_word' id='word_1_239' title='bbox 544 1826 686 1865; x_wconf 89' lang='lat' dir='ltr'>habeo</span> <span class='ocrx_word' id='word_1_240' title='bbox 707 1826 869 1874; x_wconf 90' lang='lat' dir='ltr'>pudeat</span> <span class='ocrx_word' id='word_1_241' title='bbox 881 1836 935 1864; x_wconf 89' lang='lat' dir='ltr'>an</span> <span class='ocrx_word' id='word_1_242' title='bbox 952 1826 1098 1875; x_wconf 86' lang='lat' dir='ltr'>pigeat</span> <span class='ocrx_word' id='word_1_243' title='bbox 1112 1826 1250 1875; x_wconf 90' lang='lat' dir='ltr'>magis</span> <span class='ocrx_word' id='word_1_244' title='bbox 1267 1825 1488 1865; x_wconf 91' lang='lat' dir='ltr'>disserere.</span> 
     </span>
    </p>
   </div>
   <div class='ocr_carea' id='block_1_3' title="bbox 200 2008 1487 2054">
    <p class='ocr_par' dir='ltr' id='par_1_9' title="bbox 200 2008 1487 2054">
     <span class='ocr_line' id='line_1_31' title="bbox 200 2008 1487 2054; baseline -0.001 -8"><span class='ocrx_word' id='word_1_245' title='bbox 200 2016 238 2047; x_wconf 88' lang='lat'>11</span> <span class='ocrx_word' id='word_1_246' title='bbox 269 2024 362 2054; x_wconf 90' lang='lat' dir='ltr'>quos</span> <span class='ocrx_word' id='word_1_247' title='bbox 389 2024 421 2045; x_wconf 92' lang='lat' dir='ltr'>m</span> <span class='ocrx_word' id='word_1_248' title='bbox 449 2016 510 2053; x_wconf 88' lang='lat' dir='ltr'>qui</span> <span class='ocrx_word' id='word_1_249' title='bbox 537 2008 830 2046; x_wconf 79' lang='lat' dir='ltr'><strong>ACNKT²D²F</strong></span> <span class='ocrx_word' id='word_1_250' title='bbox 858 2022 966 2052; x_wconf 87' lang='lat' dir='ltr'>quem</span> <span class='ocrx_word' id='word_1_251' title='bbox 993 2021 1017 2044; x_wconf 92' lang='lat' dir='ltr'>n</span> <span class='ocrx_word' id='word_1_252' title='bbox 1038 2013 1212 2052; x_wconf 87' lang='lat' dir='ltr'>quoniam</span> <span class='ocrx_word' id='word_1_253' title='bbox 1234 2013 1269 2044; x_wconf 91' lang='lat' dir='ltr'>M</span> <span class='ocrx_word' id='word_1_254' title='bbox 1290 2013 1389 2052; x_wconf 86' lang='lat' dir='ltr'>quod</span> <span class='ocrx_word' id='word_1_255' title='bbox 1409 2014 1487 2045; x_wconf 81' lang='lat' dir='ltr'>rell.</span> 
     </span>
    </p>
   </div>
   <div class='ocr_carea' id='block_1_4' title="bbox 135 2060 1488 2196">
    <p class='ocr_par' dir='ltr' id='par_1_10' title="bbox 135 2060 1488 2196">
     <span class='ocr_line' id='line_1_32' title="bbox 202 2060 1488 2100; baseline -0.001 -7"><span class='ocrx_word' id='word_1_256' title='bbox 202 2063 243 2095; x_wconf 89' lang='grc'>13</span> <span class='ocrx_word' id='word_1_257' title='bbox 270 2063 336 2094; x_wconf 84' lang='lat' dir='ltr'>sed</span> <span class='ocrx_word' id='word_1_258' title='bbox 358 2087 365 2094; x_wconf 93' lang='lat'><strong>.</strong></span> <span class='ocrx_word' id='word_1_259' title='bbox 382 2087 389 2094; x_wconf 88' lang='lat'><strong>.</strong></span> <span class='ocrx_word' id='word_1_260' title='bbox 406 2088 413 2093; x_wconf 95' lang='lat'><em>.</em></span> <span class='ocrx_word' id='word_1_261' title='bbox 435 2063 626 2094; x_wconf 89' lang='lat' dir='ltr'>admonuit</span> <span class='ocrx_word' id='word_1_262' title='bbox 652 2062 767 2093; x_wconf 81' lang='lat' dir='ltr'>Prisc.</span> <span class='ocrx_word' id='word_1_263' title='bbox 786 2070 945 2100; x_wconf 73' lang='lat' dir='ltr'>yramm.</span> <span class='ocrx_word' id='word_1_264' title='bbox 966 2060 1015 2091; x_wconf 94' lang='grc' dir='ltr'>ΙΙΙ</span> <span class='ocrx_word' id='word_1_265' title='bbox 1037 2063 1109 2098; x_wconf 81' lang='lat'>328,</span> <span class='ocrx_word' id='word_1_266' title='bbox 1125 2064 1145 2092; x_wconf 87' lang='grc'><em>6</em></span> <span class='ocrx_word' id='word_1_267' title='bbox 1213 2061 1302 2091; x_wconf 81' lang='lat' dir='ltr'>tanti</span> <span class='ocrx_word' id='word_1_268' title='bbox 1328 2061 1393 2091; x_wconf 87' lang='lat' dir='ltr'>viri</span> <span class='ocrx_word' id='word_1_269' title='bbox 1419 2069 1488 2092; x_wconf 91' lang='lat' dir='ltr'>nos</span> 
     </span>
     <span class='ocr_line' id='line_1_33' title="bbox 135 2107 1488 2148; baseline -0.002 -7"><span class='ocrx_word' id='word_1_270' title='bbox 135 2114 282 2148; x_wconf 77' lang='lat' dir='ltr'>tempus</span> <span class='ocrx_word' id='word_1_271' title='bbox 303 2110 417 2141; x_wconf 81' lang='lat' dir='ltr'>Prisc.</span> <span class='ocrx_word' id='word_1_272' title='bbox 488 2108 530 2140; x_wconf 90' lang='lat'>18</span> <span class='ocrx_word' id='word_1_273' title='bbox 551 2110 657 2148; x_wconf 76' lang='lat' dir='ltr'>igitur</span> <span class='ocrx_word' id='word_1_274' title='bbox 679 2133 686 2140; x_wconf 92' lang='lat'><strong>.</strong></span> <span class='ocrx_word' id='word_1_275' title='bbox 702 2133 709 2140; x_wconf 93' lang='lat'>.</span> <span class='ocrx_word' id='word_1_276' title='bbox 726 2133 733 2139; x_wconf 91' lang='lat'><strong>.</strong></span> <span class='ocrx_word' id='word_1_277' title='bbox 755 2108 902 2147; x_wconf 84' lang='lat' dir='ltr'>ignavia</span> <span class='ocrx_word' id='word_1_278' title='bbox 921 2107 1020 2139; x_wconf 80' lang='lat' dir='ltr'>Serv.</span> <span class='ocrx_word' id='word_1_279' title='bbox 1042 2107 1129 2139; x_wconf 83' lang='lat' dir='ltr'>Aen.</span> <span class='ocrx_word' id='word_1_280' title='bbox 1153 2111 1180 2144; x_wconf 92' lang='grc'>7,</span> <span class='ocrx_word' id='word_1_281' title='bbox 1195 2110 1253 2139; x_wconf 86' lang='grc'>601</span> <span class='ocrx_word' id='word_1_282' title='bbox 1316 2107 1488 2147; x_wconf 85' lang='lat' dir='ltr'>patriciae</span> 
     </span>
     <span class='ocr_line' id='line_1_34' title="bbox 138 2150 1488 2196; baseline -0.001 -8"><span class='ocrx_word' id='word_1_283' title='bbox 138 2158 260 2196; x_wconf 82' lang='lat' dir='ltr'>gentis</span> <span class='ocrx_word' id='word_1_284' title='bbox 297 2157 397 2189; x_wconf 78' lang='lat' dir='ltr'>Serv.</span> <span class='ocrx_word' id='word_1_285' title='bbox 469 2153 605 2188; x_wconf 86' lang='lat' dir='ltr'>nobilis</span> <span class='ocrx_word' id='word_1_286' title='bbox 641 2165 711 2187; x_wconf 90' lang='lat' dir='ltr'>om.</span> <span class='ocrx_word' id='word_1_287' title='bbox 737 2155 837 2187; x_wconf 77' lang='lat' dir='ltr'>Serv.</span> <span class='ocrx_word' id='word_1_288' title='bbox 935 2155 1006 2186; x_wconf 90' lang='lat' dir='ltr'>iam</span> <span class='ocrx_word' id='word_1_289' title='bbox 1046 2163 1161 2194; x_wconf 90' lang='lat' dir='ltr'>prope</span> <span class='ocrx_word' id='word_1_290' title='bbox 1186 2150 1348 2186; x_wconf 82' lang='lat' dir='ltr'>PBMn¹</span> <span class='ocrx_word' id='word_1_291' title='bbox 1373 2163 1488 2193; x_wconf 91' lang='lat' dir='ltr'>prope</span> 
     </span>
    </p>
   </div>
   <div class='ocr_carea' id='block_1_5' title="bbox 136 2201 1488 2242">
    <p class='ocr_par' dir='ltr' id='par_1_11' title="bbox 136 2201 1488 2242">
     <span class='ocr_line' id='line_1_35' title="bbox 136 2201 1488 2242; baseline -0.002 -6"><span class='ocrx_word' id='word_1_292' title='bbox 136 2214 211 2236; x_wconf 84' lang='lat' dir='ltr'>om.</span> <span class='ocrx_word' id='word_1_293' title='bbox 232 2204 331 2236; x_wconf 82' lang='lat' dir='ltr'>Serv.</span> <span class='ocrx_word' id='word_1_294' title='bbox 409 2203 451 2235; x_wconf 87' lang='lat'>19</span> <span class='ocrx_word' id='word_1_295' title='bbox 477 2202 642 2242; x_wconf 81' lang='lat' dir='ltr'>atquelet</span> <span class='ocrx_word' id='word_1_296' title='bbox 668 2202 732 2234; x_wconf 91' lang='lat' dir='ltr'>PB</span> <span class='ocrx_word' id='word_1_297' title='bbox 808 2202 853 2233; x_wconf 88' lang='grc'>20</span> <span class='ocrx_word' id='word_1_298' title='bbox 879 2202 949 2233; x_wconf 83' lang='lat' dir='ltr'>del.</span> <span class='ocrx_word' id='word_1_299' title='bbox 969 2202 1078 2241; x_wconf 74' lang='lat' dir='ltr'>Voyel</span> <span class='ocrx_word' id='word_1_300' title='bbox 1151 2201 1195 2233; x_wconf 88' lang='lat'>22</span> <span class='ocrx_word' id='word_1_301' title='bbox 1222 2203 1391 2234; x_wconf 83' lang='lat' dir='ltr'>voluntas</span> <span class='ocrx_word' id='word_1_302' title='bbox 1418 2201 1488 2233; x_wconf 86' lang='lat' dir='ltr'>Ac</span> 
     </span>
    </p>
   </div>
   <div class='ocr_carea' id='block_1_6' title="bbox 136 2248 1488 2348">
    <p class='ocr_par' dir='ltr' id='par_1_12' title="bbox 136 2248 1488 2348">
     <span class='ocr_line' id='line_1_36' title="bbox 198 2248 1488 2301; baseline -0.002 -7"><span class='ocrx_word' id='word_1_303' title='bbox 198 2262 245 2295; x_wconf 82' lang='lat'>28</span> <span class='ocrx_word' id='word_1_304' title='bbox 270 2272 353 2294; x_wconf 85' lang='lat' dir='ltr'>nam</span> <span class='ocrx_word' id='word_1_305' title='bbox 376 2287 406 2294; x_wconf 88' lang='lat'>..</span> <span class='ocrx_word' id='word_1_306' title='bbox 423 2288 430 2294; x_wconf 88' lang='lat'><em>.</em></span> <span class='ocrx_word' id='word_1_307' title='bbox 452 2264 629 2294; x_wconf 81' lang='lat' dir='ltr'>disserere</span> <span class='ocrx_word' id='word_1_308' title='bbox 656 2262 750 2294; x_wconf 87' lang='lat' dir='ltr'>Non.</span> <span class='ocrx_word' id='word_1_309' title='bbox 766 2271 806 2301; x_wconf 81' lang='lat' dir='ltr'>p.</span> <span class='ocrx_word' id='word_1_310' title='bbox 827 2265 898 2299; x_wconf 80' lang='grc'><em>424,</em></span> <span class='ocrx_word' id='word_1_311' title='bbox 915 2265 950 2291; x_wconf 86' lang='lat' dir='ltr'>Il</span> <span class='ocrx_word' id='word_1_312' title='bbox 1049 2261 1094 2292; x_wconf 85' lang='lat'>29</span> <span class='ocrx_word' id='word_1_313' title='bbox 1121 2251 1233 2300; x_wconf 63' lang='lat' dir='ltr'>pudSt</span> <span class='ocrx_word' id='word_1_314' title='bbox 1259 2261 1290 2293; x_wconf 87' lang='lat' dir='ltr'>A</span> <span class='ocrx_word' id='word_1_315' title='bbox 1318 2248 1431 2300; x_wconf 59' lang='lat' dir='ltr'>pudsst</span> <span class='ocrx_word' id='word_1_316' title='bbox 1457 2261 1488 2292; x_wconf 90' lang='grc' dir='ltr'>Ν</span> 
     </span>
     <span class='ocr_line' id='line_1_37' title="bbox 136 2305 1212 2348; baseline -0.001 -7"><span class='ocrx_word' id='word_1_317' title='bbox 136 2311 252 2348; x_wconf 70' lang='lat' dir='ltr'>pudet</span> <span class='ocrx_word' id='word_1_318' title='bbox 278 2311 355 2342; x_wconf 82' lang='lat' dir='ltr'>rell.</span> <span class='ocrx_word' id='word_1_319' title='bbox 409 2311 523 2347; x_wconf 64' lang='lat' dir='ltr'>magis</span> <span class='ocrx_word' id='word_1_320' title='bbox 553 2319 596 2340; x_wconf 65' lang='lat' dir='ltr'>an</span> <span class='ocrx_word' id='word_1_321' title='bbox 626 2311 697 2348; x_wconf 69' lang='lat' dir='ltr'>pig,</span> <span class='ocrx_word' id='word_1_322' title='bbox 719 2306 894 2340; x_wconf 78' lang='lat' dir='ltr'>Hanm</span> <span class='ocrx_word' id='word_1_323' title='bbox 923 2308 1038 2346; x_wconf 85' lang='lat' dir='ltr'>magis</span> <span class='ocrx_word' id='word_1_324' title='bbox 1063 2317 1092 2340; x_wconf 84' lang='lat' dir='ltr'>s.</span> <span class='ocrx_word' id='word_1_325' title='bbox 1113 2318 1142 2340; x_wconf 75' lang='lat' dir='ltr'>s.</span> <span class='ocrx_word' id='word_1_326' title='bbox 1163 2305 1212 2340; x_wconf 65' lang='grc' dir='ltr'>Βξ</span> 
     </span>
    </p>
   </div>
  </div>
 </body>
</html>
