1593 2496
373 59 578 95 BELLUM
609 58 974 95 IUGURTHINUM
1003 62 1142 94 52-54
1372 65 1433 104 97

78 174 174 220 bile,
203 173 245 212 ni
273 174 489 222 utrimque
512 171 738 221 praemissi
767 172 934 220 equites
961 182 1050 210 rem
1074 171 1430 219 exploravissent.

78 235 206 283 igitur
233 243 309 282 pro
337 236 455 271 metu
476 235 654 280 repente
675 230 885 280 gaudium
907 234 1112 270 mutatur:
1141 229 1298 269 milites
1319 230 1430 269 alius
1456 233 1485 266 8·

77 293 210 332 alium
239 292 338 331 laeti
366 290 601 340 appellant,
628 294 725 329 acta
752 290 938 329 edocent
965 294 1096 338 atque
1123 289 1317 334 audiunt,
1350 300 1430 328 sua

78 352 263 402 quisque
296 351 421 390 fortia
447 349 558 390 facta
586 349 641 388 ad
669 343 837 389 caelum
867 349 954 388 fert.
995 350 1158 398 quippe
1185 359 1251 388 res
1278 348 1430 387 huma-

33 420 50 446 5
76 422 160 451 nae
193 411 251 450 ita
277 421 374 450 sese
402 410 579 449 habent:
615 410 657 448 in
683 409 864 448 victoria
889 407 958 447 vel
987 409 1157 458 ignavis
1184 407 1355 457 gloriari
1384 407 1430 445 li-

78 475 154 517 cet,
182 470 396 510 advorsae
423 480 489 509 res
517 470 647 508 etiam
675 468 817 508 bonos
847 468 1095 507 detrectant.

134 529 334 569 Metellus
362 530 404 568 in
432 529 570 568 isdem
593 528 741 567 castris
763 521 1097 577 quatriduo<m>
1118 531 1309 566 moratus
1332 526 1501 566 sau-54:

77 590 167 630 cios
201 600 297 629 cum
327 600 427 628 cura
453 588 598 634 reficit,
631 587 807 627 meritos
829 587 871 625 in
900 586 1075 636 proeliis
1103 597 1222 626 more
1249 585 1429 624 militiae

77 649 223 694 donat,
250 649 480 688 univorsos
507 648 550 687 in
579 647 783 687 contione
811 645 959 685 laudat
986 650 1115 695 atque
1144 646 1233 695 agit
1257 645 1429 694 gratias,

25 715 58 742 10
77 708 279 753 hortatur,
306 708 360 746 ad
384 712 535 753 cetera,
563 717 677 756 quae
698 705 812 745 levia
833 709 943 751 sunt,
972 716 1119 754 parem
1141 706 1334 744 animum
1357 714 1430 753 ge-

78 772 187 807 rant:
216 779 292 817 pro
318 768 498 807 victoria
525 767 629 806 satis
654 766 739 804 iam
762 770 1015 814 pugnatum,
1044 764 1234 813 reliquos
1257 763 1429 815 labores

78 838 153 876 pro
183 827 344 876 praeda
370 826 472 866 fore.
507 830 653 865 tamen
683 825 850 864 interim
878 824 1123 873 transfugas
1151 828 1191 863 et
1219 822 1327 863 alios
1354 833 1430 872 op*
1455 826 1486 858 2¹

79 890 300 935 portunos,
327 885 531 936 Iugurtha
558 885 632 924 ubi
659 885 855 934 gentium
883 888 956 923 aut
984 883 1094 934 quid·
1110 883 1302 933 agitaret,
1330 893 1428 921 cum

79 946 287 994 paucisne
315 949 429 985 esset
456 957 511 984 an
539 945 772 984 exercitum
797 943 986 987 haberet,
1014 947 1059 981 ut
1080 953 1178 982 sese
1196 943 1336 981 victus
1358 952 1430 991 ge-

25 1012 58 1038 15
78 1010 197 1050 reret,
225 1004 495 1054 exploratum
523 1004 649 1043 misit.
688 1007 731 1042 at
758 1002 828 1042 ille
857 1013 953 1041 sese
981 1003 1022 1040 in
1051 1002 1146 1041 loca
1168 1000 1362 1040 saltuosa
1389 1004 1430 1040 et
1456 1004 1485 1036 3-

79 1069 230 1103 natura
262 1065 428 1103 munita
457 1067 676 1113 receperat
703 1062 851 1112 ibique
879 1061 1064 1110 cogebat
1093 1062 1325 1100 exercitum
1354 1071 1430 1098 nu-

78 1134 197 1163 mero
225 1124 451 1163 hominum
479 1123 748 1172 ampliorem,
776 1121 853 1160 sed
881 1121 1083 1160 hebetem
1110 1120 1430 1168 infirmumque,

79 1183 168 1232 agri
195 1194 245 1222 ac
273 1183 440 1232 pecoris
461 1183 601 1232 magis
623 1193 754 1232 quam
777 1180 878 1220 belli
901 1180 1120 1220 cultorem.
1155 1180 1197 1218 id
1220 1190 1272 1219 ea
1292 1179 1430 1229 gratia
1457 1193 1485 1226 4

80 1243 321 1288 eveniebat,
355 1242 473 1291 quod
508 1246 674 1291 praeter
706 1241 849 1290 regios
877 1240 1045 1289 equites
1073 1250 1203 1278 nemo
1233 1238 1428 1278 omnium

24 1308 59 1335 ΖΟ
80 1301 268 1341 Numida
291 1313 341 1341 ex
363 1301 466 1351 fuga
487 1311 634 1350 regem
653 1300 856 1349 sequitur.
891 1310 977 1348 quo
995 1299 1242 1348 quoiusque
1257 1298 1429 1336 animus

80 1361 168 1408 fert,
201 1372 254 1400 eo
285 1361 525 1406 discedunt,
558 1371 702 1410 neque
730 1359 771 1398 id
800 1358 1010 1408 flagitium
1040 1358 1218 1396 militiae
1245 1357 1428 1396 ducitur:

81 1421 137 1459 ita
165 1431 211 1460 se
239 1431 380 1460 mores
409 1420 581 1459 habent.

138 1478 267 1530 Igitur
287 1479 499 1526 Metellus,
526 1479 599 1518 ubi
619 1479 739 1518 videt
761 1479 889 1517 etiam
912 1481 1000 1516 tum
1023 1477 1136 1526 regis
1157 1476 1351 1515 animum
1373 1474 1431 1514 fe·
1458 1478 1487 1509 5=

81 1550 225 1579 rocem
248 1550 356 1584 esse,
378 1538 539 1578 bellum
561 1538 770 1583 renovari,
793 1537 911 1587 quod
933 1537 1015 1574 nisi
1038 1547 1089 1575 ex
1106 1535 1218 1574 illius
1235 1534 1429 1573 lubidine

27 1605 62 1632 25
82 1599 171 1648 geri
199 1609 286 1638 non
315 1602 474 1647 posset,
505 1602 726 1647 praeterea
753 1597 949 1646 iniquom
978 1600 1195 1634 certamen
1222 1594 1303 1633 sibi
1332 1605 1429 1632 cum

82 1658 291 1703 hostibus,
319 1658 485 1697 minore
513 1657 769 1696 detrimento
798 1655 894 1695 illos
922 1655 1035 1693 vinci
1061 1665 1192 1704 quam
1215 1664 1319 1692 suos
1339 1653 1431 1691 vin-

83 1728 189 1763 cere,
222 1718 368 1756 statuit
400 1728 488 1756 non
523 1716 697 1765 proeliis
730 1726 874 1765 neque
902 1715 943 1753 in
972 1715 1064 1753 acie
1092 1713 1168 1752 sed
1197 1712 1282 1752 alio
1311 1722 1431 1751 more

83 1776 243 1816 bellum
270 1776 526 1826 gerundum.
566 1777 712 1824 itaque
740 1776 781 1813 in
808 1774 905 1814 loca
931 1772 1162 1812 Numidiae
1195 1770 1431 1820 opulentis-
1458 1774 1488 1805 6ἣ

83 1846 207 1874 suma
234 1836 382 1885 pergit,
412 1846 540 1885 agros
566 1838 719 1880 vastat,
746 1833 881 1873 multa
909 1832 1085 1871 castella
1114 1836 1154 1870 et
1181 1830 1345 1880 oppida
1372 1834 1430 1869 te-

142 1989 162 2020 2
190 1997 253 2028 pro
269 2014 276 2020 .
293 2014 299 2020 .
316 2013 323 2019 .
340 1991 493 2019 mutatur
511 1988 624 2019 Prisc.
640 1996 796 2025 pyrarum.
809 1986 857 2017 ΙΙΙ
868 1989 939 2023 296,
955 1989 974 2016 6
1025 1987 1178 2015 mutatur
1197 1983 1311 2014 Prisc.
1327 1990 1432 2014 exor-

83 2042 155 2068 tum
184 2037 290 2067 codd.
364 2035 385 2067 6
406 2036 607 2067 detrectant
626 2033 761 2065 PAYs
788 2034 974 2065 decretant
995 2031 1088 2063 CBn
1113 2031 1314 2062 detractant
1333 2029 1432 2060 Mlm

143 2083 162 2114 7
203 2084 335 2115 addidi
377 2084 412 2114 ἱιι
446 2083 651 2121 „Dm-atim)
691 2081 1066 2118 Zeitbestimmunyen
1106 2080 1153 2109 t'm
1194 2075 1298 2109 Lat.“
1327 2086 1365 2116 ρ.
1391 2079 1433 2107 34

142 2130 163 2162 8
190 2139 270 2163 curn
298 2139 382 2162 cura
407 2129 489 2162 Sen.
512 2130 628 2169 benef.
649 2133 678 2167 4,
695 2133 723 2167 1,
740 2132 754 2159 1
849 2127 894 2158 20
920 2126 1079 2158 Numida
1105 2125 1276 2156 PAYlm
1303 2123 1431 2155 Numi-

84 2179 208 2210 darum
261 2173 619 2218 CBMTsn†nz.2
645 2175 874 2207 ANKHFm
949 2174 992 2206 23
1020 2174 1126 2205 etiam
1155 2176 1229 2203 tum
1256 2172 1351 2211 regis
1372 2179 1431 2203 an.

84 2225 227 2257 HTDF
254 2225 348 2264 regis
375 2225 483 2256 etiam
504 2228 578 2256 tum
600 2232 658 2255 an.
679 2222 922 2254 PCNKsnm
943 2221 1038 2260 regis
1058 2221 1166 2252 etiam
1189 2228 1248 2251 an.
1268 2218 1301 2250 A
1322 2218 1430 2250 etiam

85 2273 181 2312 regis
212 2276 286 2304 tum
319 2281 378 2303 an.
399 2271 473 2303 ΒΜ
506 2267 711 2311 regis'stjan.
733 2271 841 2302 etiam
868 2273 941 2300 tum
969 2269 979 2299 l
1056 2267 1098 2299 25
1127 2268 1292 2305 iniquom
1320 2266 1433 2304 vulyo

87 2320 269 2351 inimicum
298 2320 404 2351 codd.
