1593 2496
249 59 314 96 EX
341 58 590 96 HISTORIIS
618 58 697 96 ΟΒ.
720 59 895 95 LEPIDI.
936 59 1015 96 OR.
1037 59 1251 95 PHILIPPI
1370 65 1450 105 149

98 183 188 212 rem
222 172 440 222 publicam
474 176 514 211 et
548 171 648 211 belli
681 171 812 210 finem
847 172 915 217 ait,
948 172 1030 210 nisi
1064 176 1237 211 maneat
1268 172 1450 221 expulsa

99 232 213 282 agris
235 231 397 280 plebes,
418 230 579 280 praeda
597 230 734 270 civilis
749 231 1055 276 acerbissuma,
1070 231 1136 269 ius
1152 231 1450 280 iudiciumque

100 291 295 331 omnium
317 301 456 330 rerum
479 301 613 339 penes
635 301 693 335 se,
715 289 834 339 quod
850 289 1001 339 populi
1016 289 1199 329 Romani
1215 289 1303 330 fuit.
1336 301 1449 339 quae
1464 294 1509 326 25

102 351 135 389 si
162 350 288 390 vobis
316 361 400 398 pax
428 354 468 389 et
489 350 717 398 conposita
738 349 1054 399 intelleguntur,
1082 360 1288 387 maxuma
1308 349 1449 388 turba-

54 419 74 445 5
101 414 245 449 menta
266 410 324 448 rei
347 409 546 458 publicae
567 413 698 458 atque
719 409 848 448 exitia
870 408 1061 457 probate,
1082 408 1260 448 adnuite
1278 408 1449 458 legibus

99 469 309 517 inpositis,
343 469 524 517 accipite
557 469 692 508 otium
726 479 823 507 cum
857 468 1031 507 servitio
1061 472 1100 507 et
1127 467 1278 507 tradite
1307 479 1449 507 exem-

101 527 218 576 plum
250 529 431 576 posteris
458 527 512 567 ad
540 539 629 567 rem
657 527 876 576 publicam
904 527 1062 566 suimet
1088 528 1315 577 sanguinis
1342 538 1449 567 mer-

99 586 206 626 cede
233 587 672 626 circumveniundam.
711 586 815 625 mihi
843 597 1111 636 quamquam
1134 597 1208 635 per
1229 586 1313 626 hoc
1334 598 1448 625 sum·
1462 590 1508 623 26

99 658 217 684 mum
251 647 477 695 imperium
508 647 610 685 satis
638 646 883 695 quaesitum
912 650 1000 685 erat
1025 646 1191 685 nomini
1219 647 1446 692 maiorum,

44 714 78 741 ιο
98 705 293 755 dignitati
319 710 449 755 atque
470 706 599 745 etiam
622 701 906 754 prae<si>dio‚
933 710 1078 744 tamen
1100 716 1188 744 non
1210 705 1286 744 fuit
1308 706 1447 744 consi-

98 764 201 803 lium
231 765 417 813 privatas
444 776 552 814 opes
576 765 726 810 facere,
755 765 983 813 potiorque
1003 765 1097 803 visa
1118 769 1181 803 est
1203 764 1448 813 periculosa

98 823 270 863 libertas
291 825 439 873 quieto
455 825 640 863 servitio.
668 835 781 873 quae
796 824 831 863 si
848 824 1051 873 probatis,
1065 824 1227 870 adeste,
1249 823 1448 869 Quirites,
1463 828 1508 860 27

96 888 137 922 et
165 883 276 922 bene
305 884 552 923 iuvantibus
578 883 688 922 divis
710 883 764 923 M.
780 882 1013 922 Aemilium
1043 883 1268 923 consulem
1291 883 1446 922 ducem

99 948 137 981 et
165 947 384 982 auctorem
414 943 645 992 sequimini
673 942 727 981 ad
756 942 1052 991 recipiundam
1080 938 1348 982 libertatem.'

44 1046 77 1072 15
377 1036 587 1076 ORATIO
615 1036 840 1076 PHlLIPPI
866 1037 921 1075 IN
949 1036 1170 1076 SENATU

157 1116 375 1159 ‘Maxume
389 1119 560 1166 vellem,
576 1125 717 1169 patres
734 1121 975 1169 conscripti,
991 1131 1079 1159 rem
1097 1120 1316 1169 publicam
1328 1121 1447 1170 quie-
1477 1126 1491 1156 1

96 1184 182 1217 tam
217 1190 313 1218 esse
339 1184 414 1218 aut
446 1180 488 1217 in
521 1179 720 1228 periculis
747 1190 773 1218 a
799 1180 1140 1228 promptissumo
1169 1191 1347 1229 quoque
1375 1180 1447 1219 de-

95 1238 224 1284 fendi,
252 1238 441 1287 denique
469 1249 602 1287 prava
629 1239 800 1288 incepta
828 1238 1146 1278 consultoribus
1167 1250 1310 1278 noxae
1339 1250 1446 1278 esse.

95 1297 173 1336 sed
195 1302 341 1336 contra
361 1297 649 1337 seditionibus
666 1299 813 1337 omnia
827 1298 995 1337 turbata
1010 1303 1108 1337 sunt
1124 1303 1165 1337 et
1180 1298 1233 1337 ab
1250 1299 1314 1344 iis,
1335 1310 1447 1347 quos

40 1363 77 1391 ’.νο
96 1356 325 1405 prohibere
361 1357 500 1406 magis
533 1356 732 1402 decebat;
769 1362 1001 1406 postremo,
1039 1368 1152 1406 quae
1180 1358 1373 1406 pessumi
1407 1363 1447 1397 et

95 1415 349 1454 stultissumi
378 1415 618 1462 decrevere,
646 1427 697 1455 ea
724 1416 851 1456 bonis
879 1421 919 1456 et
946 1417 1216 1465 sapientibus
1244 1417 1448 1456 faciunda

95 1479 206 1514 sunt.
233 1486 333 1513 nam
361 1475 523 1514 bellum
549 1480 679 1524 atque
700 1486 830 1521 arma,
857 1487 1124 1525 quamquam
1146 1476 1272 1515 vobis
1295 1477 1447 1522 invisa,

96 1543 254 1579 tamen,
287 1535 389 1583 quia
415 1534 580 1583 Lepido
614 1534 797 1584 placent,
830 1535 1048 1574 sumunda
1081 1540 1197 1580 sunt;
1231 1536 1313 1574 nisi
1341 1535 1448 1574 forte

1474 1481 1495 1511 {0

96 1594 200 1642 quoi
228 1604 380 1642 pacem
408 1598 624 1642 praestare
652 1599 691 1633 et
718 1594 880 1634 bellum
902 1595 990 1643 pati
1012 1594 1242 1633 consilium
1265 1599 1339 1634 est.
1368 1605 1444 1643 pro
1471 1599 1493 1630 3

42 1659 79 1687 25
97 1652 140 1691 di
169 1652 284 1698 boni,
315 1653 388 1701 qui
416 1652 527 1692 hanc
553 1653 702 1692 urbem
731 1654 894 1692 omissa
921 1664 1021 1692 cura
1047 1653 1191 1692 adhuc
1212 1655 1365 1702 tegitis,
1393 1653 1448 1693 M.

98 1710 322 1757 Aemilius,
344 1713 539 1751 omnium
560 1712 874 1762 flagitiosorum
888 1717 1144 1761 postremus,
1166 1713 1239 1762 qui
1256 1714 1377 1761 peior
1392 1724 1447 1751 an

99 1771 296 1820 ignavior
322 1771 375 1810 sit
402 1771 626 1810 deliberari
654 1783 741 1811 non
764 1776 917 1820 potest,
945 1773 1175 1810 exercitum
1199 1772 1448 1821 opprimun-

100 1829 182 1869 dae
217 1829 422 1869 libertatis
459 1830 589 1869 habet
622 1835 662 1870 et
694 1842 741 1870 se
772 1827 854 1879 (e)
887 1836 1136 1879 contempto
1164 1831 1448 1870 metuendum

101 1888 256 1933 effecit;
276 1900 357 1928 vos
379 1894 623 1929 mussantes
640 1894 680 1929 et
694 1894 968 1929 retractantes
983 1890 1126 1929 verbis
1143 1894 1183 1929 et
1197 1895 1345 1929 vatum
1362 1901 1448 1929 car-

46 1955 82 1982 30
102 1948 291 1987 minibus
324 1959 476 1997 pacem
511 1950 668 1998 optatis
701 1950 840 1998 magis
873 1960 1004 1998 quam
1035 1949 1277 1995 defenditis,
1304 1960 1448 1998 neque

100 2006 346 2056 intellegitis
367 2007 548 2047 mollitia
569 2008 836 2047 decretorum
851 2008 977 2047 vobis
1000 2008 1266 2058 dignitatem,
1287 2008 1345 2047 illi
1361 2020 1448 2048 me-

98 2070 188 2104 tum
217 2065 392 2106 detrahi.
419 2072 550 2116 atque
571 2067 613 2106 id
635 2068 736 2113 iure,
763 2068 971 2116 quoniam
995 2078 1046 2106 ex
1067 2068 1227 2116 rapinis
1250 2067 1447 2107 consula·
1474 2072 1495 2102 4

97 2130 200 2169 tum,
234 2125 291 2164 ob
324 2125 583 2165 seditionem
619 2127 886 2175 provinciam
922 2138 1019 2165 cum
1048 2127 1234 2165 exercitu
1261 2127 1446 2176 adeptus

157 2218 177 2248 4
216 2226 264 2249 an
306 2227 376 2256 pax
414 2222 449 2250 et
487 2214 741 2259 <concordia>
781 2219 1010 2257 composita?
1129 2219 1172 2251 10
1211 2221 1299 2251 add.
1332 2220 1448 2251 Aldus

160 2263 202 2295 18
229 2274 338 2303 prava
364 2265 479 2297 Aldus
507 2275 617 2305 parua
642 2266 674 2297 V
766 2266 810 2297 28
838 2267 948 2304 mllqo
976 2267 1062 2298 ucld.
1156 2266 1201 2299 29
1228 2267 1448 2299 carminibus

99 2312 210 2350 &aigro
237 2313 406 2344 carminis
433 2312 464 2344 V
