1593 2496
382 45 586 81 BELLUM
609 43 976 81 IUGURTHINUM
999 47 1161 79 97-100
1367 49 1447 89 133

90 160 363 198 munimenta
378 158 626 208 quaerebat.
654 161 840 196 ceterum
858 157 974 206 apud
991 167 1150 205 aquam
1168 155 1332 195 Sullam
1349 168 1446 195 cum
1476 160 1496 190 4

90 218 309 268 equitibus
337 221 509 257 noctem
537 217 700 266 agitare
722 216 851 261 iubet,
879 216 973 265 ipse
996 215 1203 265 paulatim
1226 215 1447 264 dispersos

92 277 248 317 milites
275 287 419 326 neque
446 277 590 315 minus
618 275 817 315 hostibus
838 275 1103 314 conturbatis
1126 275 1167 313 in
1190 286 1324 313 unum
1347 285 1447 313 con-

90 337 226 382 trahit,
253 336 354 376 dein
383 340 561 375 cunctos
589 335 719 384 pleno
748 335 884 384 gradu
907 336 948 373 in
971 334 1126 374 collem
1149 334 1362 372 subducit.
1391 334 1447 372 ita
1476 338 1494 367 5

40 399 58 426 5
91 407 213 446 reges
247 395 329 435 loci
357 395 609 434 difficultate
637 395 774 434 coacti
802 394 968 443 proelio
997 394 1271 438 deterrentur,
1304 404 1449 442 neque

89 461 234 494 tamen
256 466 360 494 suos
381 454 555 505 longius
576 454 694 493 abire
721 454 878 499 sinunt,
904 453 982 492 sed
1003 458 1188 502 utroque
1209 452 1320 491 colle
1342 452 1448 490 mul-

89 514 272 554 titudine
286 513 550 553 circumdato
567 513 690 553 effusi
706 513 956 552 consedere.
981 513 1081 552 dein
1097 512 1255 551 crebris
1272 512 1445 561 ignibus
1475 515 1495 545 6

91 574 211 613 iactis
228 573 483 622 plerumque
498 573 637 612 noctis
652 572 820 611 barbari
838 583 957 612 more
972 583 1052 611 suo
1069 572 1228 617 laetari,
1244 570 1447 615 exultare,

91 638 280 682 strepere
306 632 506 677 vocibus;
537 637 577 671 et
605 632 686 681 ipsi
714 632 847 670 duces
875 631 1052 677 feroces,
1083 632 1185 680 quia
1212 642 1300 670 non
1330 630 1447 680 tuge-

39 699 72 726 10
92 700 194 737 rant,
231 703 305 741 pro
334 692 568 731 victoribus
601 702 741 741 agere.
782 691 858 730 sed
895 702 946 729 ea
980 695 1134 729 cuncta
1161 689 1368 729 Romanis
1397 701 1448 728 ex
1478 694 1495 723 7

91 752 279 791 tenebris
308 756 348 790 et
375 751 628 791 editioribus
656 750 763 789 locis
792 750 932 789 lacilia
952 751 1049 788 visu
1078 760 1330 799 magnoque
1352 749 1447 788 hor-

92 815 284 850 tamento
310 815 440 850 erant.
467 810 714 859 plurumum
736 821 839 849 vero
855 809 1016 848 Marius
1038 810 1236 858 inperitia
1257 808 1514 848 hostiumoe

93 870 373 909 confirmatus
394 881 525 919 quam
548 880 801 908 maxumum
824 869 1042 908 silentium
1065 869 1213 907 haberi
1236 869 1366 913 iubet,
1394 879 1448 906 ne

93 931 218 979 signa
246 928 436 979 quidem,
464 930 522 968 uti
551 940 626 978 per
651 928 823 978 vigilias
851 928 1062 973 solebant,
1090 939 1256 967 canere.
1290 927 1448 966 deinde

39 996 73 1022 15
94 988 165 1027 ubi
195 988 265 1027 lux
293 988 568 1033 adventabat,
589 987 772 1027 defessis
796 989 881 1026 iam
904 987 1102 1026 hostibus
1123 998 1174 1026 ac
1195 986 1327 1036 paulo
1350 992 1449 1025 ante

94 1059 250 1087 somno
278 1048 426 1097 captis,
453 1047 507 1086 de
535 1048 758 1096 inproviso
779 1047 947 1096 vigiles,
974 1048 1075 1086 item
1103 1046 1346 1086 cohortium
1367 1050 1449 1084 tur-

95 1118 259 1146 marum
294 1106 516 1156 legionum
550 1107 764 1146 tubicines
797 1106 925 1145 simul
961 1107 1102 1145 omnis
1130 1106 1255 1155 signa
1284 1116 1449 1149 canere.

94 1166 251 1206 milites
285 1165 518 1206 clamorem
552 1165 701 1205 tollere
734 1170 865 1215 atque
899 1166 1031 1214 portis
1066 1176 1291 1214 erumpere
1320 1165 1448 1204 iubet.

94 1225 231 1264 Mauri
258 1230 389 1275 atque
417 1224 601 1271 Gaetuli,
634 1226 784 1274 ignoto
813 1230 852 1264 et
881 1225 1070 1264 horribili
1099 1225 1243 1264 sonitu
1274 1228 1449 1273 repente
1478 1228 1496 1258 2

40 1291 75 1318 20
95 1285 231 1329 exciti,
259 1295 404 1333 neque
430 1284 579 1334 fugere
605 1295 749 1333 neque
776 1295 1076 1333 arma-capere
1103 1295 1248 1333 neque
1269 1284 1448 1322 omnino

95 1343 234 1383 facere
256 1348 329 1382 aut
350 1344 577 1392 providere
593 1344 827 1393 quiequam
843 1348 1058 1395 poterant:
1082 1344 1139 1382 ita
1154 1348 1333 1382 cunctos
1349 1348 1449 1381 stre-
1478 1347 1496 1378 3

95 1404 185 1452 pitu
215 1403 414 1449 clamore,
441 1402 560 1442 nullo
583 1403 882 1449 subveniente,
910 1404 1066 1442 nostris
1089 1402 1360 1447 instantibus,
1386 1407 1450 1440 tua

96 1462 231 1501 multu
259 1461 489 1502 formidine
514 1467 646 1501 terror
672 1463 796 1511 quasi
817 1462 1022 1502 vecordia
1043 1468 1226 1511 ceperat.
1250 1461 1450 1510 denique

96 1533 250 1561 omnes
283 1521 365 1560 fusi
399 1521 622 1571 fugatique
651 1532 770 1560 arma
798 1526 837 1561 et
865 1523 990 1571 signa
1018 1521 1216 1560 militaria
1243 1521 1450 1570 pleraque

42 1587 77 1615 25
98 1585 234 1629 capta,
257 1580 490 1630 pluresque
512 1592 564 1620 eo
587 1581 752 1630 proelio
775 1592 905 1630 quam
929 1581 1133 1620 omnibus
1155 1580 1450 1629 superioribus

98 1640 352 1688 interempti.
379 1650 480 1678 nam
508 1651 664 1679 somno
692 1645 733 1679 et
760 1645 876 1679 metu
904 1640 1079 1679 insolito
1108 1639 1316 1688 impedita
1337 1639 1450 1689 fuga.

158 1699 268 1738 Dein
290 1698 463 1744 Marius,
488 1700 546 1738 uti
569 1705 781 1748 coeperat,
803 1701 844 1738 in
867 1700 1046 1738 hiberna
1068 1700 1112 1738 it:
1142 1705 1314 1747 propter
1336 1698 1546 1738 com-100

99 1764 288 1798 meatum
323 1759 365 1796 in
394 1759 567 1810 oppidis
595 1759 833 1797 maritumis
861 1770 990 1808 agere
1015 1759 1280 1803 decreverat;
1308 1769 1451 1807 neque

100 1823 243 1856 tamen
276 1818 456 1857 victoria
489 1829 637 1857 socors
670 1822 741 1856 aut
776 1818 968 1857 insolens
1001 1818 1149 1862 factus,
1186 1817 1263 1856 sed
1299 1818 1452 1866 pariter

45 1884 80 1910 30
101 1881 230 1925 atque
258 1877 299 1915 in
327 1882 562 1926 conspectu
592 1877 781 1916 hostium
810 1877 1021 1926 quadrato
1044 1878 1218 1926 agmine
1240 1876 1450 1916 incedere.

164 2017 177 2047 1
209 2018 407 2055 quaerebat
433 2018 544 2057 vulyo
564 2017 742 2056 gerebam
767 2017 858 2049 XDl
886 2019 1037 2056 gerebat
1062 2013 1321 2049 K²HTanm
1348 2026 1452 2056 rege-

102 2064 189 2094 bant
216 2059 441 2102 A¹(?)N¹K¹
467 2065 617 2104 regebat
644 2063 680 2095 M
766 2068 923 2096 ceterum
947 2089 976 2096 ..
992 2089 999 2096 .
1022 2063 1123 2096 iubet
1148 2065 1243 2096 Non.
1269 2074 1304 2104 p.
1326 2068 1449 2102 5223!

161 2111 181 2142 4
210 2111 295 2142 dein
316 2135 324 2143 .
341 2135 348 2142 .
364 2134 373 2143 .
392 2111 563 2143 subducit
588 2111 682 2143 Non.
701 2121 739 2151 p.
759 2115 831 2148 400,
848 2116 861 2143 1
956 2111 976 2143 9
1003 2112 1170 2151 fugerant
1196 2107 1302 2144 A²C²
1327 2112 1452 2151 fugere

102 2161 162 2189 aut
191 2159 268 2190 rell.
345 2157 388 2189 16
421 2159 551 2197 vigiles
584 2159 715 2190 Kortte
736 2160 938 2198 vectigales
958 2160 1065 2191 codd.
1143 2159 1185 2190 18
1207 2163 1316 2198 atque
1342 2154 1391 2190 ΚΞ
1418 2163 1453 2190 et

103 2214 134 2236 m
163 2208 224 2236 aut
252 2206 329 2237 rell.
419 2205 461 2237 19
493 2204 541 2245 et]
571 2209 680 2245 atque
707 2203 857 2237 Hl'nm
933 2206 976 2238 23
1004 2209 1115 2238 terror
1142 2202 1193 2238 A²
1217 2210 1353 2238 terrore
1374 2208 1451 2238 rell.

164 2252 358 2284 formidine
377 2256 510 2285 terrore
535 2253 734 2285 XNKlsm
762 2257 894 2285 terrore
922 2250 1115 2286 tormidine
1143 2251 1253 2286 Hrn
1281 2251 1451 2292 (formido

103 2299 140 2330 M
159 2297 203 2337 T)
267 2304 413 2338 ceperat
441 2299 619 2331 AMFsrn
647 2304 839 2340 acceperat
867 2302 943 2333 rell.
1019 2301 1062 2332 27
1091 2302 1115 2332 it
1143 2301 1205 2333 CB
1227 2311 1260 2332 m
1282 2310 1353 2332 om.
1374 2302 1452 2332 rell.
