<?xml version="1.0" encoding="UTF-8"?>
<!DOCTYPE html PUBLIC "-//W3C//DTD XHTML 1.0 Transitional//EN"
    "http://www.w3.org/TR/xhtml1/DTD/xhtml1-transitional.dtd">
<html xmlns="http://www.w3.org/1999/xhtml" xml:lang="en" lang="en">
 <head>
  <title>
</title>
<meta http-equiv="Content-Type" content="text/html;charset=utf-8" />
  <meta name='ocr-system' content='tesseract 3.04.00' />
  <meta name='ocr-capabilities' content='ocr_page ocr_carea ocr_par ocr_line ocrx_word'/>
</head>
<body>
  <div class='ocr_page' id='page_1' title='image "./catilinaiugurtha00salluoft_0164.png"; bbox 0 0 1593 2496; ppageno 0'>
   <div class='ocr_carea' id='block_1_1' title="bbox 129 43 1047 90">
    <p class='ocr_par' dir='ltr' id='par_1_1' title="bbox 129 43 1047 90">
     <span class='ocr_line' id='line_1_1' title="bbox 129 43 1047 90; baseline -0.011 0"><span class='ocrx_word' id='word_1_1' title='bbox 129 52 210 90; x_wconf 87' lang='lat'>152</span> <span class='ocrx_word' id='word_1_2' title='bbox 559 43 598 81; x_wconf 93' lang='lat' dir='ltr'>C.</span> <span class='ocrx_word' id='word_1_3' title='bbox 620 44 862 80; x_wconf 87' lang='lat' dir='ltr'>SALLUSTl</span> <span class='ocrx_word' id='word_1_4' title='bbox 889 43 1047 81; x_wconf 86' lang='lat' dir='ltr'>CRISPI</span> 
     </span>
    </p>
   </div>
   <div class='ocr_carea' id='block_1_2' title="bbox 60 157 1537 1924">
    <p class='ocr_par' dir='ltr' id='par_1_2' title="bbox 121 157 1525 502">
     <span class='ocr_line' id='line_1_2' title="bbox 127 157 1472 206; baseline 0 -10"><span class='ocrx_word' id='word_1_5' title='bbox 127 169 213 197; x_wconf 88' lang='lat' dir='ltr'>rem</span> <span class='ocrx_word' id='word_1_6' title='bbox 242 157 460 206; x_wconf 86' lang='lat' dir='ltr'>publicam</span> <span class='ocrx_word' id='word_1_7' title='bbox 482 157 663 196; x_wconf 88' lang='lat' dir='ltr'>intutam</span> <span class='ocrx_word' id='word_1_8' title='bbox 688 157 911 206; x_wconf 89' lang='lat' dir='ltr'>patiemini</span> <span class='ocrx_word' id='word_1_9' title='bbox 933 161 973 196; x_wconf 89' lang='lat' dir='ltr'>et</span> <span class='ocrx_word' id='word_1_10' title='bbox 992 157 1135 196; x_wconf 91' lang='lat' dir='ltr'>verbis</span> <span class='ocrx_word' id='word_1_11' title='bbox 1155 168 1274 196; x_wconf 90' lang='lat' dir='ltr'>arma</span> <span class='ocrx_word' id='word_1_12' title='bbox 1293 161 1472 206; x_wconf 87' lang='lat' dir='ltr'>tempta-</span> 
     </span>
     <span class='ocr_line' id='line_1_3' title="bbox 126 215 1472 266; baseline -0.001 -10"><span class='ocrx_word' id='word_1_13' title='bbox 126 217 253 256; x_wconf 71' lang='lat' dir='ltr'>bitis?</span> <span class='ocrx_word' id='word_1_14' title='bbox 280 216 460 256; x_wconf 89' lang='lat' dir='ltr'>dilectus</span> <span class='ocrx_word' id='word_1_15' title='bbox 482 216 716 255; x_wconf 83' lang='lat' dir='ltr'>advorsum</span> <span class='ocrx_word' id='word_1_16' title='bbox 737 227 818 255; x_wconf 91' lang='lat' dir='ltr'>vos</span> <span class='ocrx_word' id='word_1_17' title='bbox 839 216 985 262; x_wconf 93' lang='lat' dir='ltr'>habiti,</span> <span class='ocrx_word' id='word_1_18' title='bbox 1006 217 1218 265; x_wconf 89' lang='lat' dir='ltr'>pecuniae</span> <span class='ocrx_word' id='word_1_19' title='bbox 1238 215 1411 266; x_wconf 88' lang='lat' dir='ltr'>publice</span> <span class='ocrx_word' id='word_1_20' title='bbox 1432 222 1472 255; x_wconf 89' lang='lat' dir='ltr'>et</span> 
     </span>
     <span class='ocr_line' id='line_1_4' title="bbox 124 275 1471 324; baseline -0.001 -10"><span class='ocrx_word' id='word_1_21' title='bbox 124 276 322 324; x_wconf 80' lang='lat' dir='ltr'>privatim</span> <span class='ocrx_word' id='word_1_22' title='bbox 350 280 552 321; x_wconf 80' lang='lat' dir='ltr'>extortae,</span> <span class='ocrx_word' id='word_1_23' title='bbox 580 275 796 324; x_wconf 90' lang='lat' dir='ltr'>praesidia</span> <span class='ocrx_word' id='word_1_24' title='bbox 823 275 1010 314; x_wconf 90' lang='lat' dir='ltr'>deducta</span> <span class='ocrx_word' id='word_1_25' title='bbox 1036 280 1165 324; x_wconf 88' lang='lat' dir='ltr'>atque</span> <span class='ocrx_word' id='word_1_26' title='bbox 1186 276 1392 324; x_wconf 89' lang='lat' dir='ltr'>inposita:</span> <span class='ocrx_word' id='word_1_27' title='bbox 1420 286 1471 314; x_wconf 84' lang='lat' dir='ltr'>ex</span> 
     </span>
     <span class='ocr_line' id='line_1_5' title="bbox 121 334 1471 384; baseline 0 -11"><span class='ocrx_word' id='word_1_28' title='bbox 121 335 315 375; x_wconf 84' lang='lat' dir='ltr'>lubidine</span> <span class='ocrx_word' id='word_1_29' title='bbox 343 335 462 384; x_wconf 86' lang='lat' dir='ltr'>leges</span> <span class='ocrx_word' id='word_1_30' title='bbox 490 335 763 383; x_wconf 89' lang='lat' dir='ltr'>imperantur,</span> <span class='ocrx_word' id='word_1_31' title='bbox 790 345 924 384; x_wconf 88' lang='lat' dir='ltr'>quom</span> <span class='ocrx_word' id='word_1_32' title='bbox 947 335 1113 374; x_wconf 88' lang='lat' dir='ltr'>interim</span> <span class='ocrx_word' id='word_1_33' title='bbox 1134 345 1215 374; x_wconf 90' lang='lat' dir='ltr'>vos</span> <span class='ocrx_word' id='word_1_34' title='bbox 1243 334 1410 384; x_wconf 85' lang='lat' dir='ltr'>legatos</span> <span class='ocrx_word' id='word_1_35' title='bbox 1431 338 1471 374; x_wconf 90' lang='lat' dir='ltr'>et</span> 
     </span>
     <span class='ocr_line' id='line_1_6' title="bbox 121 393 1525 443; baseline -0.002 -11"><span class='ocrx_word' id='word_1_36' title='bbox 121 395 293 433; x_wconf 81' lang='lat' dir='ltr'>decreta</span> <span class='ocrx_word' id='word_1_37' title='bbox 319 395 488 443; x_wconf 85' lang='lat' dir='ltr'>paratis.</span> <span class='ocrx_word' id='word_1_38' title='bbox 517 398 680 443; x_wconf 88' lang='lat' dir='ltr'>quanto</span> <span class='ocrx_word' id='word_1_39' title='bbox 708 393 954 433; x_wconf 86' lang='lat' dir='ltr'>mehercule</span> <span class='ocrx_word' id='word_1_40' title='bbox 976 393 1146 432; x_wconf 89' lang='lat' dir='ltr'>avidius</span> <span class='ocrx_word' id='word_1_41' title='bbox 1167 404 1319 442; x_wconf 84' lang='lat' dir='ltr'>pacem</span> <span class='ocrx_word' id='word_1_42' title='bbox 1342 393 1472 442; x_wconf 84' lang='lat' dir='ltr'>petie·</span> <span class='ocrx_word' id='word_1_43' title='bbox 1509 404 1525 429; x_wconf 70' lang='lat'><strong>5</strong></span> 
     </span>
     <span class='ocr_line' id='line_1_7' title="bbox 122 452 1470 502; baseline -0.001 -10"><span class='ocrx_word' id='word_1_44' title='bbox 122 454 220 499; x_wconf 83' lang='lat' dir='ltr'>ritis,</span> <span class='ocrx_word' id='word_1_45' title='bbox 246 458 366 492; x_wconf 89' lang='lat' dir='ltr'>tanto</span> <span class='ocrx_word' id='word_1_46' title='bbox 393 453 556 492; x_wconf 90' lang='lat' dir='ltr'>bellum</span> <span class='ocrx_word' id='word_1_47' title='bbox 585 453 723 491; x_wconf 88' lang='lat' dir='ltr'>acrius</span> <span class='ocrx_word' id='word_1_48' title='bbox 752 454 838 498; x_wconf 86' lang='lat' dir='ltr'>erit,</span> <span class='ocrx_word' id='word_1_49' title='bbox 872 464 1005 502; x_wconf 87' lang='lat' dir='ltr'>quom</span> <span class='ocrx_word' id='word_1_50' title='bbox 1034 452 1254 502; x_wconf 83' lang='lat' dir='ltr'>intelleget</span> <span class='ocrx_word' id='word_1_51' title='bbox 1280 464 1327 492; x_wconf 91' lang='lat' dir='ltr'>se</span> <span class='ocrx_word' id='word_1_52' title='bbox 1354 456 1470 491; x_wconf 89' lang='lat' dir='ltr'>metu</span> 
     </span>
    </p>

    <p class='ocr_par' dir='ltr' id='par_1_3' title="bbox 60 512 1525 739">
     <span class='ocr_line' id='line_1_8' title="bbox 60 512 1472 562; baseline -0.001 -11"><span class='ocrx_word' id='word_1_53' title='bbox 60 515 104 546; x_wconf 85' lang='lat'>18</span> <span class='ocrx_word' id='word_1_54' title='bbox 121 513 260 562; x_wconf 85' lang='lat' dir='ltr'>magis</span> <span class='ocrx_word' id='word_1_55' title='bbox 289 523 419 561; x_wconf 86' lang='lat' dir='ltr'>quam</span> <span class='ocrx_word' id='word_1_56' title='bbox 448 523 591 561; x_wconf 86' lang='lat' dir='ltr'>aequo</span> <span class='ocrx_word' id='word_1_57' title='bbox 621 517 661 551; x_wconf 86' lang='lat' dir='ltr'>et</span> <span class='ocrx_word' id='word_1_58' title='bbox 686 512 804 551; x_wconf 94' lang='lat' dir='ltr'>bono</span> <span class='ocrx_word' id='word_1_59' title='bbox 836 516 1134 551; x_wconf 88' lang='lat' dir='ltr'>sustentatum.</span> <span class='ocrx_word' id='word_1_60' title='bbox 1162 523 1263 550; x_wconf 90' lang='lat' dir='ltr'>nam</span> <span class='ocrx_word' id='word_1_61' title='bbox 1291 512 1364 560; x_wconf 89' lang='lat' dir='ltr'>qui</span> <span class='ocrx_word' id='word_1_62' title='bbox 1391 516 1472 550; x_wconf 85' lang='lat' dir='ltr'>tur-</span> 
     </span>
     <span class='ocr_line' id='line_1_9' title="bbox 120 570 1472 619; baseline -0.001 -8"><span class='ocrx_word' id='word_1_63' title='bbox 120 572 198 611; x_wconf 85' lang='lat' dir='ltr'>bas</span> <span class='ocrx_word' id='word_1_64' title='bbox 220 576 260 611; x_wconf 91' lang='lat' dir='ltr'>et</span> <span class='ocrx_word' id='word_1_65' title='bbox 286 571 465 611; x_wconf 90' lang='lat' dir='ltr'>caedem</span> <span class='ocrx_word' id='word_1_66' title='bbox 488 572 647 610; x_wconf 90' lang='lat' dir='ltr'>civium</span> <span class='ocrx_word' id='word_1_67' title='bbox 670 571 817 610; x_wconf 89' lang='lat' dir='ltr'>odisse</span> <span class='ocrx_word' id='word_1_68' title='bbox 838 572 895 610; x_wconf 93' lang='lat' dir='ltr'>ait</span> <span class='ocrx_word' id='word_1_69' title='bbox 916 576 957 610; x_wconf 89' lang='lat' dir='ltr'>et</span> <span class='ocrx_word' id='word_1_70' title='bbox 978 571 1034 610; x_wconf 92' lang='lat' dir='ltr'>ob</span> <span class='ocrx_word' id='word_1_71' title='bbox 1057 571 1098 610; x_wconf 95' lang='lat' dir='ltr'>id</span> <span class='ocrx_word' id='word_1_72' title='bbox 1121 575 1285 610; x_wconf 87' lang='lat' dir='ltr'>armato</span> <span class='ocrx_word' id='word_1_73' title='bbox 1306 570 1472 619; x_wconf 89' lang='lat' dir='ltr'>Lepido</span> 
     </span>
     <span class='ocr_line' id='line_1_10' title="bbox 119 630 1472 680; baseline -0.001 -11"><span class='ocrx_word' id='word_1_74' title='bbox 119 642 200 670; x_wconf 79' lang='lat' dir='ltr'>vos</span> <span class='ocrx_word' id='word_1_75' title='bbox 222 632 411 670; x_wconf 86' lang='lat' dir='ltr'>inermos</span> <span class='ocrx_word' id='word_1_76' title='bbox 432 631 594 677; x_wconf 83' lang='lat' dir='ltr'>retinet,</span> <span class='ocrx_word' id='word_1_77' title='bbox 617 641 729 680; x_wconf 86' lang='lat' dir='ltr'>quae</span> <span class='ocrx_word' id='word_1_78' title='bbox 750 631 874 669; x_wconf 86' lang='lat' dir='ltr'>victis</span> <span class='ocrx_word' id='word_1_79' title='bbox 894 630 1120 670; x_wconf 91' lang='lat' dir='ltr'>toleranda</span> <span class='ocrx_word' id='word_1_80' title='bbox 1140 635 1250 676; x_wconf 89' lang='lat' dir='ltr'>sunt,</span> <span class='ocrx_word' id='word_1_81' title='bbox 1272 641 1323 669; x_wconf 88' lang='lat' dir='ltr'>ea</span> <span class='ocrx_word' id='word_1_82' title='bbox 1339 640 1472 679; x_wconf 90' lang='lat' dir='ltr'>quom</span> 
     </span>
     <span class='ocr_line' id='line_1_11' title="bbox 121 689 1525 739; baseline -0.002 -11"><span class='ocrx_word' id='word_1_83' title='bbox 121 691 260 729; x_wconf 80' lang='lat' dir='ltr'>facere</span> <span class='ocrx_word' id='word_1_84' title='bbox 288 691 474 739; x_wconf 86' lang='lat' dir='ltr'>possitis,</span> <span class='ocrx_word' id='word_1_85' title='bbox 508 691 730 738; x_wconf 85' lang='lat' dir='ltr'>patiamini</span> <span class='ocrx_word' id='word_1_86' title='bbox 753 691 897 739; x_wconf 85' lang='lat' dir='ltr'>potius</span> <span class='ocrx_word' id='word_1_87' title='bbox 925 694 1081 729; x_wconf 91' lang='lat' dir='ltr'>censet.</span> <span class='ocrx_word' id='word_1_88' title='bbox 1122 690 1179 729; x_wconf 93' lang='lat' dir='ltr'>ita</span> <span class='ocrx_word' id='word_1_89' title='bbox 1206 689 1264 728; x_wconf 91' lang='lat' dir='ltr'>illi</span> <span class='ocrx_word' id='word_1_90' title='bbox 1292 700 1318 728; x_wconf 92' lang='lat' dir='ltr'>a</span> <span class='ocrx_word' id='word_1_91' title='bbox 1342 689 1469 728; x_wconf 87' lang='lat' dir='ltr'>vobis</span> <span class='ocrx_word' id='word_1_92' title='bbox 1494 700 1525 725; x_wconf 67' lang='grc' dir='ltr'>ιι)</span> 
     </span>
    </p>

    <p class='ocr_par' dir='ltr' id='par_1_4' title="bbox 61 748 1526 1035">
     <span class='ocr_line' id='line_1_12' title="bbox 61 748 1471 798; baseline -0.002 -10"><span class='ocrx_word' id='word_1_93' title='bbox 61 751 104 784; x_wconf 83' lang='grc'>19</span> <span class='ocrx_word' id='word_1_94' title='bbox 122 760 286 798; x_wconf 87' lang='lat' dir='ltr'>pacem,</span> <span class='ocrx_word' id='word_1_95' title='bbox 312 750 438 788; x_wconf 88' lang='lat' dir='ltr'>vobis</span> <span class='ocrx_word' id='word_1_96' title='bbox 466 750 520 788; x_wconf 90' lang='lat' dir='ltr'>ab</span> <span class='ocrx_word' id='word_1_97' title='bbox 548 748 620 788; x_wconf 91' lang='lat' dir='ltr'>illo</span> <span class='ocrx_word' id='word_1_98' title='bbox 648 749 810 788; x_wconf 91' lang='lat' dir='ltr'>bellum</span> <span class='ocrx_word' id='word_1_99' title='bbox 839 749 1004 789; x_wconf 85' lang='lat' dir='ltr'>suadet.</span> <span class='ocrx_word' id='word_1_100' title='bbox 1036 749 1145 788; x_wconf 89' lang='lat' dir='ltr'>haec</span> <span class='ocrx_word' id='word_1_101' title='bbox 1171 749 1206 788; x_wconf 93' lang='lat' dir='ltr'>si</span> <span class='ocrx_word' id='word_1_102' title='bbox 1228 748 1410 798; x_wconf 83' lang='lat' dir='ltr'>placent,</span> <span class='ocrx_word' id='word_1_103' title='bbox 1437 748 1471 786; x_wconf 89' lang='lat' dir='ltr'>si</span> 
     </span>
     <span class='ocr_line' id='line_1_13' title="bbox 121 806 1472 857; baseline -0.001 -10"><span class='ocrx_word' id='word_1_104' title='bbox 121 813 239 847; x_wconf 87' lang='lat' dir='ltr'>tanta</span> <span class='ocrx_word' id='word_1_105' title='bbox 264 808 446 857; x_wconf 86' lang='lat' dir='ltr'>torpedo</span> <span class='ocrx_word' id='word_1_106' title='bbox 475 809 645 848; x_wconf 90' lang='lat' dir='ltr'>animos</span> <span class='ocrx_word' id='word_1_107' title='bbox 668 809 894 857; x_wconf 83' lang='lat' dir='ltr'>oppressit,</span> <span class='ocrx_word' id='word_1_108' title='bbox 921 813 965 847; x_wconf 93' lang='lat' dir='ltr'>ut</span> <span class='ocrx_word' id='word_1_109' title='bbox 993 808 1113 848; x_wconf 91' lang='lat' dir='ltr'>obliti</span> <span class='ocrx_word' id='word_1_110' title='bbox 1141 807 1351 847; x_wconf 86' lang='lat' dir='ltr'>scelerum</span> <span class='ocrx_word' id='word_1_111' title='bbox 1377 806 1472 846; x_wconf 91' lang='lat' dir='ltr'>Cin-</span> 
     </span>
     <span class='ocr_line' id='line_1_14' title="bbox 121 867 1471 916; baseline -0.001 -10"><span class='ocrx_word' id='word_1_112' title='bbox 121 879 216 913; x_wconf 89' lang='lat' dir='ltr'>nae,</span> <span class='ocrx_word' id='word_1_113' title='bbox 243 869 400 916; x_wconf 87' lang='lat' dir='ltr'>quoius</span> <span class='ocrx_word' id='word_1_114' title='bbox 422 868 464 906; x_wconf 93' lang='lat' dir='ltr'>in</span> <span class='ocrx_word' id='word_1_115' title='bbox 486 868 635 907; x_wconf 90' lang='lat' dir='ltr'>urbem</span> <span class='ocrx_word' id='word_1_116' title='bbox 658 868 794 907; x_wconf 89' lang='lat' dir='ltr'>reditu</span> <span class='ocrx_word' id='word_1_117' title='bbox 817 868 949 907; x_wconf 92' lang='lat' dir='ltr'>decus</span> <span class='ocrx_word' id='word_1_118' title='bbox 972 867 1133 907; x_wconf 90' lang='lat' dir='ltr'>ordinis</span> <span class='ocrx_word' id='word_1_119' title='bbox 1155 868 1283 906; x_wconf 90' lang='lat' dir='ltr'>huius</span> <span class='ocrx_word' id='word_1_120' title='bbox 1304 867 1471 911; x_wconf 89' lang='lat' dir='ltr'>interiit,</span> 
     </span>
     <span class='ocr_line' id='line_1_15' title="bbox 122 926 1472 977; baseline -0.001 -12"><span class='ocrx_word' id='word_1_121' title='bbox 122 926 256 966; x_wconf 89' lang='lat' dir='ltr'>nihilo</span> <span class='ocrx_word' id='word_1_122' title='bbox 284 928 426 966; x_wconf 91' lang='lat' dir='ltr'>minus</span> <span class='ocrx_word' id='word_1_123' title='bbox 447 938 527 966; x_wconf 90' lang='lat' dir='ltr'>vos</span> <span class='ocrx_word' id='word_1_124' title='bbox 554 932 684 976; x_wconf 88' lang='lat' dir='ltr'>atque</span> <span class='ocrx_word' id='word_1_125' title='bbox 711 928 921 977; x_wconf 83' lang='lat' dir='ltr'>coniuges</span> <span class='ocrx_word' id='word_1_126' title='bbox 949 932 989 966; x_wconf 88' lang='lat' dir='ltr'>et</span> <span class='ocrx_word' id='word_1_127' title='bbox 1014 926 1173 966; x_wconf 89' lang='lat' dir='ltr'>liberos</span> <span class='ocrx_word' id='word_1_128' title='bbox 1194 926 1359 975; x_wconf 87' lang='lat' dir='ltr'>Lepido</span> <span class='ocrx_word' id='word_1_129' title='bbox 1382 936 1472 974; x_wconf 86' lang='lat' dir='ltr'>per—</span> 
     </span>
     <span class='ocr_line' id='line_1_16' title="bbox 122 984 1526 1035; baseline -0.002 -11"><span class='ocrx_word' id='word_1_130' title='bbox 122 987 293 1025; x_wconf 88' lang='lat' dir='ltr'>missuri</span> <span class='ocrx_word' id='word_1_131' title='bbox 326 987 429 1031; x_wconf 88' lang='lat' dir='ltr'>sitis,</span> <span class='ocrx_word' id='word_1_132' title='bbox 465 987 569 1035; x_wconf 88' lang='lat' dir='ltr'>quid</span> <span class='ocrx_word' id='word_1_133' title='bbox 603 998 713 1035; x_wconf 91' lang='lat' dir='ltr'>opus</span> <span class='ocrx_word' id='word_1_134' title='bbox 748 987 941 1032; x_wconf 84' lang='lat' dir='ltr'>decretis,</span> <span class='ocrx_word' id='word_1_135' title='bbox 977 986 1080 1035; x_wconf 91' lang='lat' dir='ltr'>quid</span> <span class='ocrx_word' id='word_1_136' title='bbox 1114 986 1275 1025; x_wconf 89' lang='lat' dir='ltr'>auxilio</span> <span class='ocrx_word' id='word_1_137' title='bbox 1304 984 1472 1025; x_wconf 78' lang='lat' dir='ltr'>Catuli?</span> <span class='ocrx_word' id='word_1_138' title='bbox 1493 995 1526 1021; x_wconf 63' lang='grc' dir='ltr'>ιε</span> 
     </span>
    </p>

    <p class='ocr_par' dir='ltr' id='par_1_5' title="bbox 63 1044 1531 1332">
     <span class='ocr_line' id='line_1_17' title="bbox 63 1044 1475 1095; baseline -0.001 -11"><span class='ocrx_word' id='word_1_139' title='bbox 63 1047 111 1078; x_wconf 88' lang='grc'>20</span> <span class='ocrx_word' id='word_1_140' title='bbox 126 1046 230 1095; x_wconf 85' lang='lat' dir='ltr'>quin</span> <span class='ocrx_word' id='word_1_141' title='bbox 258 1046 293 1084; x_wconf 93' lang='lat' dir='ltr'>is</span> <span class='ocrx_word' id='word_1_142' title='bbox 327 1050 367 1085; x_wconf 91' lang='lat' dir='ltr'>et</span> <span class='ocrx_word' id='word_1_143' title='bbox 394 1045 464 1084; x_wconf 91' lang='lat' dir='ltr'>alii</span> <span class='ocrx_word' id='word_1_144' title='bbox 492 1046 595 1085; x_wconf 90' lang='lat' dir='ltr'>boni</span> <span class='ocrx_word' id='word_1_145' title='bbox 623 1057 711 1085; x_wconf 90' lang='lat' dir='ltr'>rem</span> <span class='ocrx_word' id='word_1_146' title='bbox 740 1045 957 1094; x_wconf 87' lang='lat' dir='ltr'>publicam</span> <span class='ocrx_word' id='word_1_147' title='bbox 986 1046 1136 1084; x_wconf 74' lang='lat' dir='ltr'>frustra</span> <span class='ocrx_word' id='word_1_148' title='bbox 1163 1049 1321 1084; x_wconf 88' lang='lat' dir='ltr'>curant.</span> <span class='ocrx_word' id='word_1_149' title='bbox 1361 1044 1475 1094; x_wconf 86' lang='lat' dir='ltr'>agite</span> 
     </span>
     <span class='ocr_line' id='line_1_18' title="bbox 123 1104 1475 1154; baseline -0.001 -11"><span class='ocrx_word' id='word_1_150' title='bbox 123 1110 168 1144; x_wconf 86' lang='lat' dir='ltr'>ut</span> <span class='ocrx_word' id='word_1_151' title='bbox 189 1105 317 1150; x_wconf 90' lang='lat' dir='ltr'>lubet,</span> <span class='ocrx_word' id='word_1_152' title='bbox 340 1110 486 1153; x_wconf 89' lang='lat' dir='ltr'>parate</span> <span class='ocrx_word' id='word_1_153' title='bbox 506 1105 633 1144; x_wconf 89' lang='lat' dir='ltr'>vobis</span> <span class='ocrx_word' id='word_1_154' title='bbox 657 1104 835 1154; x_wconf 80' lang='lat' dir='ltr'>Cethegi</span> <span class='ocrx_word' id='word_1_155' title='bbox 856 1110 987 1154; x_wconf 84' lang='lat' dir='ltr'>atque</span> <span class='ocrx_word' id='word_1_156' title='bbox 1008 1105 1093 1143; x_wconf 91' lang='lat' dir='ltr'>alia</span> <span class='ocrx_word' id='word_1_157' title='bbox 1115 1104 1380 1153; x_wconf 88' lang='lat' dir='ltr'>proditorum</span> <span class='ocrx_word' id='word_1_158' title='bbox 1403 1113 1475 1151; x_wconf 88' lang='lat' dir='ltr'>pa-</span> 
     </span>
     <span class='ocr_line' id='line_1_19' title="bbox 123 1163 1476 1213; baseline -0.001 -11"><span class='ocrx_word' id='word_1_159' title='bbox 123 1165 314 1209; x_wconf 76' lang='lat' dir='ltr'>trocinia,</span> <span class='ocrx_word' id='word_1_160' title='bbox 341 1165 414 1213; x_wconf 86' lang='lat' dir='ltr'>qui</span> <span class='ocrx_word' id='word_1_161' title='bbox 448 1165 620 1213; x_wconf 88' lang='lat' dir='ltr'>rapinas</span> <span class='ocrx_word' id='word_1_162' title='bbox 655 1169 694 1204; x_wconf 90' lang='lat' dir='ltr'>et</span> <span class='ocrx_word' id='word_1_163' title='bbox 728 1164 929 1203; x_wconf 88' lang='lat' dir='ltr'>incendia</span> <span class='ocrx_word' id='word_1_164' title='bbox 963 1165 1197 1203; x_wconf 85' lang='lat' dir='ltr'>instaurare</span> <span class='ocrx_word' id='word_1_165' title='bbox 1231 1163 1409 1211; x_wconf 87' lang='lat' dir='ltr'>cupiunt</span> <span class='ocrx_word' id='word_1_166' title='bbox 1436 1168 1476 1201; x_wconf 88' lang='lat' dir='ltr'>et</span> 
     </span>
     <span class='ocr_line' id='line_1_20' title="bbox 126 1222 1476 1273; baseline -0.001 -12"><span class='ocrx_word' id='word_1_167' title='bbox 126 1235 269 1262; x_wconf 78' lang='lat' dir='ltr'>rursus</span> <span class='ocrx_word' id='word_1_168' title='bbox 290 1223 524 1262; x_wconf 90' lang='lat' dir='ltr'>advorsum</span> <span class='ocrx_word' id='word_1_169' title='bbox 548 1224 655 1263; x_wconf 93' lang='lat' dir='ltr'>deos</span> <span class='ocrx_word' id='word_1_170' title='bbox 672 1225 839 1273; x_wconf 88' lang='lat' dir='ltr'>penatis</span> <span class='ocrx_word' id='word_1_171' title='bbox 855 1234 1009 1262; x_wconf 89' lang='lat' dir='ltr'>manus</span> <span class='ocrx_word' id='word_1_172' title='bbox 1026 1234 1201 1262; x_wconf 88' lang='lat' dir='ltr'>armare.</span> <span class='ocrx_word' id='word_1_173' title='bbox 1222 1223 1288 1261; x_wconf 92' lang='lat' dir='ltr'>sin</span> <span class='ocrx_word' id='word_1_174' title='bbox 1304 1222 1476 1261; x_wconf 89' lang='lat' dir='ltr'>libertas</span> 
     </span>
     <span class='ocr_line' id='line_1_21' title="bbox 126 1282 1531 1332; baseline -0.003 -11"><span class='ocrx_word' id='word_1_175' title='bbox 126 1288 165 1321; x_wconf 86' lang='lat' dir='ltr'>et</span> <span class='ocrx_word' id='word_1_176' title='bbox 186 1293 288 1322; x_wconf 86' lang='lat' dir='ltr'>vera</span> <span class='ocrx_word' id='word_1_177' title='bbox 310 1283 448 1332; x_wconf 81' lang='lat' dir='ltr'>magis</span> <span class='ocrx_word' id='word_1_178' title='bbox 471 1283 653 1331; x_wconf 88' lang='lat' dir='ltr'>placent,</span> <span class='ocrx_word' id='word_1_179' title='bbox 675 1283 892 1322; x_wconf 90' lang='lat' dir='ltr'>decernite</span> <span class='ocrx_word' id='word_1_180' title='bbox 914 1282 1045 1332; x_wconf 85' lang='lat' dir='ltr'>digna</span> <span class='ocrx_word' id='word_1_181' title='bbox 1066 1282 1243 1321; x_wconf 89' lang='lat' dir='ltr'>nomine</span> <span class='ocrx_word' id='word_1_182' title='bbox 1265 1286 1306 1320; x_wconf 93' lang='lat' dir='ltr'>et</span> <span class='ocrx_word' id='word_1_183' title='bbox 1320 1284 1477 1330; x_wconf 87' lang='lat' dir='ltr'>augete</span> <span class='ocrx_word' id='word_1_184' title='bbox 1497 1289 1531 1315; x_wconf 49' lang='grc' dir='ltr'>’ἐκ</span> 
     </span>
    </p>

    <p class='ocr_par' dir='ltr' id='par_1_6' title="bbox 64 1339 1479 1565">
     <span class='ocr_line' id='line_1_22' title="bbox 64 1339 1479 1391; baseline -0.001 -11"><span class='ocrx_word' id='word_1_185' title='bbox 64 1342 105 1373; x_wconf 84' lang='grc'>21</span> <span class='ocrx_word' id='word_1_186' title='bbox 127 1343 349 1391; x_wconf 85' lang='lat' dir='ltr'>ingenium</span> <span class='ocrx_word' id='word_1_187' title='bbox 377 1343 477 1380; x_wconf 81' lang='lat' dir='ltr'>viris</span> <span class='ocrx_word' id='word_1_188' title='bbox 511 1342 701 1382; x_wconf 79' lang='lat' dir='ltr'>fortibus.</span> <span class='ocrx_word' id='word_1_189' title='bbox 735 1342 857 1381; x_wconf 86' lang='lat' dir='ltr'>adest</span> <span class='ocrx_word' id='word_1_190' title='bbox 889 1353 1030 1381; x_wconf 90' lang='lat' dir='ltr'>novos</span> <span class='ocrx_word' id='word_1_191' title='bbox 1065 1341 1286 1386; x_wconf 80' lang='lat' dir='ltr'>exercitus,</span> <span class='ocrx_word' id='word_1_192' title='bbox 1313 1339 1367 1378; x_wconf 92' lang='lat' dir='ltr'>ad</span> <span class='ocrx_word' id='word_1_193' title='bbox 1395 1339 1479 1378; x_wconf 90' lang='lat' dir='ltr'>hoc</span> 
     </span>
     <span class='ocr_line' id='line_1_23' title="bbox 127 1399 1477 1448; baseline -0.002 -9"><span class='ocrx_word' id='word_1_194' title='bbox 127 1401 326 1440; x_wconf 90' lang='lat' dir='ltr'>coloniae</span> <span class='ocrx_word' id='word_1_195' title='bbox 340 1406 534 1440; x_wconf 89' lang='lat' dir='ltr'>veterum</span> <span class='ocrx_word' id='word_1_196' title='bbox 551 1402 746 1447; x_wconf 87' lang='lat' dir='ltr'>militum,</span> <span class='ocrx_word' id='word_1_197' title='bbox 762 1401 964 1441; x_wconf 87' lang='lat' dir='ltr'>nobilitas</span> <span class='ocrx_word' id='word_1_198' title='bbox 981 1402 1134 1446; x_wconf 90' lang='lat' dir='ltr'>omnis,</span> <span class='ocrx_word' id='word_1_199' title='bbox 1151 1400 1283 1439; x_wconf 90' lang='lat' dir='ltr'>duces</span> <span class='ocrx_word' id='word_1_200' title='bbox 1293 1399 1477 1448; x_wconf 89' lang='lat' dir='ltr'>optumi:</span> 
     </span>
     <span class='ocr_line' id='line_1_24' title="bbox 127 1459 1479 1510; baseline -0.002 -12"><span class='ocrx_word' id='word_1_201' title='bbox 127 1460 296 1500; x_wconf 72' lang='lat' dir='ltr'>fortuna</span> <span class='ocrx_word' id='word_1_202' title='bbox 318 1460 518 1499; x_wconf 87' lang='lat' dir='ltr'>meliores</span> <span class='ocrx_word' id='word_1_203' title='bbox 540 1462 743 1510; x_wconf 84' lang='lat' dir='ltr'>sequitur.</span> <span class='ocrx_word' id='word_1_204' title='bbox 768 1462 852 1499; x_wconf 89' lang='lat' dir='ltr'>iam</span> <span class='ocrx_word' id='word_1_205' title='bbox 876 1460 958 1507; x_wconf 88' lang='lat' dir='ltr'>illa,</span> <span class='ocrx_word' id='word_1_206' title='bbox 979 1471 1093 1509; x_wconf 85' lang='lat' dir='ltr'>quae</span> <span class='ocrx_word' id='word_1_207' title='bbox 1114 1459 1314 1499; x_wconf 89' lang='lat' dir='ltr'>socordia</span> <span class='ocrx_word' id='word_1_208' title='bbox 1334 1462 1479 1497; x_wconf 87' lang='lat' dir='ltr'>nostra</span> 
     </span>
     <span class='ocr_line' id='line_1_25' title="bbox 129 1519 741 1565; baseline 0.003 -8"><span class='ocrx_word' id='word_1_209' title='bbox 129 1519 324 1558; x_wconf 80' lang='lat' dir='ltr'>conlecta</span> <span class='ocrx_word' id='word_1_210' title='bbox 351 1524 460 1565; x_wconf 88' lang='lat' dir='ltr'>sunt,</span> <span class='ocrx_word' id='word_1_211' title='bbox 488 1520 741 1559; x_wconf 89' lang='lat' dir='ltr'>dilabentur.</span> 
     </span>
    </p>

    <p class='ocr_par' dir='ltr' id='par_1_7' title="bbox 67 1574 1537 1924">
     <span class='ocr_line' id='line_1_26' title="bbox 67 1574 1534 1628; baseline -0.004 -11"><span class='ocrx_word' id='word_1_212' title='bbox 67 1579 110 1609; x_wconf 84' lang='lat'>22</span> <span class='ocrx_word' id='word_1_213' title='bbox 189 1577 332 1622; x_wconf 90' lang='lat' dir='ltr'>Quare</span> <span class='ocrx_word' id='word_1_214' title='bbox 365 1579 422 1617; x_wconf 87' lang='lat' dir='ltr'>ita</span> <span class='ocrx_word' id='word_1_215' title='bbox 459 1590 629 1625; x_wconf 87' lang='lat' dir='ltr'>censeo,</span> <span class='ocrx_word' id='word_1_216' title='bbox 658 1580 864 1628; x_wconf 87' lang='lat' dir='ltr'>quoniam</span> <span class='ocrx_word' id='word_1_217' title='bbox 899 1574 1010 1627; x_wconf 75' lang='lat' dir='ltr'>(M.)</span> <span class='ocrx_word' id='word_1_218' title='bbox 1031 1578 1220 1627; x_wconf 90' lang='lat' dir='ltr'>Lepidus</span> <span class='ocrx_word' id='word_1_219' title='bbox 1249 1576 1479 1616; x_wconf 82' lang='lat' dir='ltr'>exercitum</span> <span class='ocrx_word' id='word_1_220' title='bbox 1501 1584 1534 1610; x_wconf 69' lang='lat'>25</span> 
     </span>
     <span class='ocr_line' id='line_1_27' title="bbox 130 1634 1480 1687; baseline -0.002 -11"><span class='ocrx_word' id='word_1_221' title='bbox 130 1639 295 1685; x_wconf 81' lang='lat' dir='ltr'>privato</span> <span class='ocrx_word' id='word_1_222' title='bbox 324 1637 505 1677; x_wconf 87' lang='lat' dir='ltr'>consilio</span> <span class='ocrx_word' id='word_1_223' title='bbox 535 1643 730 1687; x_wconf 89' lang='lat' dir='ltr'>paratum</span> <span class='ocrx_word' id='word_1_224' title='bbox 759 1650 856 1677; x_wconf 90' lang='lat' dir='ltr'>cum</span> <span class='ocrx_word' id='word_1_225' title='bbox 885 1638 1101 1687; x_wconf 89' lang='lat' dir='ltr'>pessumis</span> <span class='ocrx_word' id='word_1_226' title='bbox 1129 1642 1170 1677; x_wconf 87' lang='lat' dir='ltr'>et</span> <span class='ocrx_word' id='word_1_227' title='bbox 1196 1636 1394 1676; x_wconf 92' lang='lat' dir='ltr'>hostibus</span> <span class='ocrx_word' id='word_1_228' title='bbox 1421 1634 1480 1673; x_wconf 89' lang='lat' dir='ltr'>rei</span> 
     </span>
     <span class='ocr_line' id='line_1_28' title="bbox 132 1693 1480 1744; baseline -0.002 -10"><span class='ocrx_word' id='word_1_229' title='bbox 132 1696 330 1744; x_wconf 72' lang='lat' dir='ltr'>publicae</span> <span class='ocrx_word' id='word_1_230' title='bbox 352 1702 498 1736; x_wconf 83' lang='lat' dir='ltr'>contra</span> <span class='ocrx_word' id='word_1_231' title='bbox 521 1698 648 1737; x_wconf 89' lang='lat' dir='ltr'>huius</span> <span class='ocrx_word' id='word_1_232' title='bbox 671 1698 832 1737; x_wconf 91' lang='lat' dir='ltr'>ordinis</span> <span class='ocrx_word' id='word_1_233' title='bbox 854 1697 1150 1736; x_wconf 87' lang='lat' dir='ltr'>auctoritatem</span> <span class='ocrx_word' id='word_1_234' title='bbox 1166 1695 1220 1735; x_wconf 92' lang='lat' dir='ltr'>ad</span> <span class='ocrx_word' id='word_1_235' title='bbox 1240 1695 1389 1734; x_wconf 90' lang='lat' dir='ltr'>urbem</span> <span class='ocrx_word' id='word_1_236' title='bbox 1406 1693 1480 1732; x_wconf 84' lang='lat' dir='ltr'>du-</span> 
     </span>
     <span class='ocr_line' id='line_1_29' title="bbox 130 1752 1482 1804; baseline -0.003 -10"><span class='ocrx_word' id='word_1_237' title='bbox 130 1758 195 1801; x_wconf 80' lang='lat' dir='ltr'>cit,</span> <span class='ocrx_word' id='word_1_238' title='bbox 223 1757 282 1795; x_wconf 89' lang='lat' dir='ltr'>uti</span> <span class='ocrx_word' id='word_1_239' title='bbox 304 1756 384 1804; x_wconf 85' lang='lat' dir='ltr'>Ap.</span> <span class='ocrx_word' id='word_1_240' title='bbox 407 1755 613 1796; x_wconf 89' lang='lat' dir='ltr'>Claudius</span> <span class='ocrx_word' id='word_1_241' title='bbox 636 1758 816 1796; x_wconf 85' lang='lat' dir='ltr'>interrex</span> <span class='ocrx_word' id='word_1_242' title='bbox 839 1768 935 1795; x_wconf 88' lang='lat' dir='ltr'>cum</span> <span class='ocrx_word' id='word_1_243' title='bbox 958 1755 1008 1800; x_wconf 89' lang='lat' dir='ltr'>Q.</span> <span class='ocrx_word' id='word_1_244' title='bbox 1031 1755 1182 1795; x_wconf 89' lang='lat' dir='ltr'>Catulo</span> <span class='ocrx_word' id='word_1_245' title='bbox 1204 1765 1280 1803; x_wconf 91' lang='lat' dir='ltr'>pro</span> <span class='ocrx_word' id='word_1_246' title='bbox 1303 1752 1482 1792; x_wconf 91' lang='lat' dir='ltr'>consule</span> 
     </span>
     <span class='ocr_line' id='line_1_30' title="bbox 131 1813 1482 1865; baseline -0.002 -12"><span class='ocrx_word' id='word_1_247' title='bbox 131 1821 170 1853; x_wconf 88' lang='lat' dir='ltr'>et</span> <span class='ocrx_word' id='word_1_248' title='bbox 199 1816 361 1860; x_wconf 83' lang='lat' dir='ltr'>ceteris,</span> <span class='ocrx_word' id='word_1_249' title='bbox 389 1816 546 1864; x_wconf 88' lang='lat' dir='ltr'>quibus</span> <span class='ocrx_word' id='word_1_250' title='bbox 569 1817 795 1865; x_wconf 88' lang='lat' dir='ltr'>imperium</span> <span class='ocrx_word' id='word_1_251' title='bbox 822 1820 896 1861; x_wconf 91' lang='lat' dir='ltr'>est,</span> <span class='ocrx_word' id='word_1_252' title='bbox 924 1816 1016 1854; x_wconf 87' lang='lat' dir='ltr'>urbi</span> <span class='ocrx_word' id='word_1_253' title='bbox 1038 1814 1254 1864; x_wconf 89' lang='lat' dir='ltr'>praesidio</span> <span class='ocrx_word' id='word_1_254' title='bbox 1276 1813 1359 1851; x_wconf 88' lang='lat' dir='ltr'>sint</span> <span class='ocrx_word' id='word_1_255' title='bbox 1381 1823 1482 1860; x_wconf 78' lang='lat' dir='ltr'>ope-</span> 
     </span>
     <span class='ocr_line' id='line_1_31' title="bbox 131 1867 1537 1924; baseline -0.002 -12"><span class='ocrx_word' id='word_1_256' title='bbox 131 1885 310 1923; x_wconf 82' lang='lat' dir='ltr'>ramque</span> <span class='ocrx_word' id='word_1_257' title='bbox 337 1874 450 1920; x_wconf 89' lang='lat' dir='ltr'>dent,</span> <span class='ocrx_word' id='word_1_258' title='bbox 478 1887 532 1914; x_wconf 91' lang='lat' dir='ltr'>ne</span> <span class='ocrx_word' id='word_1_259' title='bbox 560 1876 663 1924; x_wconf 84' lang='lat' dir='ltr'>quid</span> <span class='ocrx_word' id='word_1_260' title='bbox 692 1887 757 1915; x_wconf 89' lang='lat' dir='ltr'>res</span> <span class='ocrx_word' id='word_1_261' title='bbox 785 1874 958 1924; x_wconf 86' lang='lat' dir='ltr'>publica</span> <span class='ocrx_word' id='word_1_262' title='bbox 986 1874 1226 1913; x_wconf 90' lang='lat' dir='ltr'>detrimenti</span> <span class='ocrx_word' id='word_1_263' title='bbox 1255 1867 1421 1920; x_wconf 62' lang='lat' dir='ltr'>capiat?</span> <span class='ocrx_word' id='word_1_264' title='bbox 1501 1879 1537 1905; x_wconf 78' lang='lat'>3¹)</span> 
     </span>
    </p>
   </div>
   <div class='ocr_carea' id='block_1_3' title="bbox 233 1967 1387 2007">
    <p class='ocr_par' dir='ltr' id='par_1_8' title="bbox 233 1967 1387 2007">
     <span class='ocr_line' id='line_1_32' title="bbox 233 1967 1387 2007; baseline -0.002 -3"><span class='ocrx_word' id='word_1_265' title='bbox 233 1968 424 2005; x_wconf 87' lang='lat' dir='ltr'><strong>ORATIO</strong></span> <span class='ocrx_word' id='word_1_266' title='bbox 454 1970 492 2006; x_wconf 92' lang='lat' dir='ltr'>C.</span> <span class='ocrx_word' id='word_1_267' title='bbox 522 1970 723 2007; x_wconf 87' lang='lat' dir='ltr'><strong>COTTAE</strong></span> <span class='ocrx_word' id='word_1_268' title='bbox 750 1970 821 2006; x_wconf 82' lang='lat' dir='ltr'>AD</span> <span class='ocrx_word' id='word_1_269' title='bbox 850 1968 1094 2005; x_wconf 86' lang='lat' dir='ltr'>POPULUM</span> <span class='ocrx_word' id='word_1_270' title='bbox 1123 1967 1387 2004; x_wconf 80' lang='lat' dir='ltr'>ROMANUM</span> 
     </span>
    </p>
   </div>
   <div class='ocr_carea' id='block_1_4' title="bbox 86 2036 1485 2150">
    <p class='ocr_par' dir='ltr' id='par_1_9' title="bbox 86 2036 1485 2150">
     <span class='ocr_line' id='line_1_33' title="bbox 86 2036 1484 2091; baseline -0.009 -5"><span class='ocrx_word' id='word_1_271' title='bbox 86 2039 99 2069; x_wconf 56' lang='grc' dir='ltr'>Τ</span> <span class='ocrx_word' id='word_1_272' title='bbox 194 2041 408 2090; x_wconf 65' lang='lat' dir='ltr'>Quirites,</span> <span class='ocrx_word' id='word_1_273' title='bbox 431 2042 565 2081; x_wconf 88' lang='lat' dir='ltr'>multa</span> <span class='ocrx_word' id='word_1_274' title='bbox 586 2042 690 2080; x_wconf 91' lang='lat' dir='ltr'>mihi</span> <span class='ocrx_word' id='word_1_275' title='bbox 713 2040 902 2091; x_wconf 87' lang='lat' dir='ltr'>pericula</span> <span class='ocrx_word' id='word_1_276' title='bbox 923 2039 1041 2079; x_wconf 86' lang='lat' dir='ltr'>dorni</span> <span class='ocrx_word' id='word_1_277' title='bbox 1057 2038 1335 2087; x_wconf 88' lang='lat' dir='ltr'>militiaeque,</span> <span class='ocrx_word' id='word_1_278' title='bbox 1350 2036 1484 2075; x_wconf 87' lang='lat' dir='ltr'>multa</span> 
     </span>
     <span class='ocr_line' id='line_1_34' title="bbox 134 2095 1485 2150; baseline -0.007 -7"><span class='ocrx_word' id='word_1_279' title='bbox 134 2104 320 2143; x_wconf 73' lang='lat' dir='ltr'>advorsa</span> <span class='ocrx_word' id='word_1_280' title='bbox 347 2104 475 2146; x_wconf 75' lang='lat' dir='ltr'>luere,</span> <span class='ocrx_word' id='word_1_281' title='bbox 503 2113 687 2150; x_wconf 88' lang='lat' dir='ltr'>quorum</span> <span class='ocrx_word' id='word_1_282' title='bbox 715 2100 800 2139; x_wconf 91' lang='lat' dir='ltr'>alia</span> <span class='ocrx_word' id='word_1_283' title='bbox 826 2099 1017 2144; x_wconf 88' lang='lat' dir='ltr'>toleravi,</span> <span class='ocrx_word' id='word_1_284' title='bbox 1044 2098 1196 2146; x_wconf 89' lang='lat' dir='ltr'>partim</span> <span class='ocrx_word' id='word_1_285' title='bbox 1224 2095 1391 2146; x_wconf 89' lang='lat' dir='ltr'>reppuli</span> <span class='ocrx_word' id='word_1_286' title='bbox 1413 2095 1485 2134; x_wconf 87' lang='lat' dir='ltr'>de-</span> 
     </span>
    </p>
   </div>
   <div class='ocr_carea' id='block_1_5' title="bbox 134 2196 1486 2343">
    <p class='ocr_par' dir='ltr' id='par_1_10' title="bbox 134 2196 1486 2343">
     <span class='ocr_line' id='line_1_35' title="bbox 198 2196 1486 2246; baseline -0.008 -6"><span class='ocrx_word' id='word_1_287' title='bbox 198 2209 234 2240; x_wconf 90' lang='lat'>11</span> <span class='ocrx_word' id='word_1_288' title='bbox 272 2209 363 2239; x_wconf 87' lang='lat' dir='ltr'>haec</span> <span class='ocrx_word' id='word_1_289' title='bbox 385 2232 392 2240; x_wconf 90' lang='lat'><strong>.</strong></span> <span class='ocrx_word' id='word_1_290' title='bbox 409 2232 438 2239; x_wconf 93' lang='lat'>..</span> <span class='ocrx_word' id='word_1_291' title='bbox 461 2207 643 2246; x_wconf 87' lang='lat' dir='ltr'>oppressit</span> <span class='ocrx_word' id='word_1_292' title='bbox 675 2205 768 2237; x_wconf 87' lang='lat' dir='ltr'>Non.</span> <span class='ocrx_word' id='word_1_293' title='bbox 786 2214 823 2244; x_wconf 86' lang='grc' dir='ltr'>ρ.</span> <span class='ocrx_word' id='word_1_294' title='bbox 844 2207 950 2242; x_wconf 79' lang='grc'><em>229,4</em></span> <span class='ocrx_word' id='word_1_295' title='bbox 1063 2202 1102 2233; x_wconf 84' lang='grc'>12</span> <span class='ocrx_word' id='word_1_296' title='bbox 1131 2202 1292 2240; x_wconf 81' lang='lat' dir='ltr'>obrepsit</span> <span class='ocrx_word' id='word_1_297' title='bbox 1316 2196 1360 2232; x_wconf 75' lang='lat'>1⁷³</span> <span class='ocrx_word' id='word_1_298' title='bbox 1374 2199 1486 2231; x_wconf 85' lang='lat' dir='ltr'>Nonii</span> 
     </span>
     <span class='ocr_line' id='line_1_36' title="bbox 145 2246 1484 2292; baseline -0.007 -5"><span class='ocrx_word' id='word_1_299' title='bbox 145 2288 166 2292; x_wconf 16' lang='lat'>‚⁷</span> <span class='ocrx_word' id='word_1_300' title='bbox 195 2256 240 2288; x_wconf 88' lang='lat'>20</span> <span class='ocrx_word' id='word_1_301' title='bbox 272 2256 411 2287; x_wconf 81' lang='lat' dir='ltr'>nomini</span> <span class='ocrx_word' id='word_1_302' title='bbox 444 2255 476 2285; x_wconf 89' lang='lat' dir='ltr'>V</span> <span class='ocrx_word' id='word_1_303' title='bbox 551 2255 594 2285; x_wconf 83' lang='lat'>25</span> <span class='ocrx_word' id='word_1_304' title='bbox 628 2254 715 2285; x_wconf 79' lang='lat' dir='ltr'>add.</span> <span class='ocrx_word' id='word_1_305' title='bbox 739 2251 854 2284; x_wconf 74' lang='lat' dir='ltr'>Orelli</span> <span class='ocrx_word' id='word_1_306' title='bbox 928 2250 971 2282; x_wconf 88' lang='grc'>32</span> <span class='ocrx_word' id='word_1_307' title='bbox 1007 2249 1166 2285; x_wconf 82' lang='lat' dir='ltr'>Quirites</span> <span class='ocrx_word' id='word_1_308' title='bbox 1187 2272 1194 2280; x_wconf 91' lang='lat'>.</span> <span class='ocrx_word' id='word_1_309' title='bbox 1211 2272 1240 2281; x_wconf 90' lang='lat'>..</span> <span class='ocrx_word' id='word_1_310' title='bbox 1262 2246 1314 2287; x_wconf 84' lang='lat'>(1)</span> <span class='ocrx_word' id='word_1_311' title='bbox 1341 2255 1423 2279; x_wconf 87' lang='lat' dir='ltr'>mea</span> <span class='ocrx_word' id='word_1_312' title='bbox 1448 2247 1484 2277; x_wconf 88' lang='lat' dir='ltr'>in</span> 
     </span>
     <span class='ocr_line' id='line_1_37' title="bbox 134 2295 1485 2343; baseline -0.008 -8"><span class='ocrx_word' id='word_1_313' title='bbox 134 2304 373 2343; x_wconf 69' lang='lat' dir='ltr'>palimpsesti</span> <span class='ocrx_word' id='word_1_314' title='bbox 400 2302 649 2333; x_wconf 61' lang='lat' dir='ltr'>Borolmwnsis</span> <span class='ocrx_word' id='word_1_315' title='bbox 677 2302 712 2331; x_wconf 72' lang='lat' dir='ltr'>et</span> <span class='ocrx_word' id='word_1_316' title='bbox 739 2298 1018 2330; x_wconf 67' lang='lat' dir='ltr'>Aurelianensis</span> <span class='ocrx_word' id='word_1_317' title='bbox 1116 2296 1160 2328; x_wconf 84' lang='lat'>33</span> <span class='ocrx_word' id='word_1_318' title='bbox 1188 2296 1338 2327; x_wconf 81' lang='lat' dir='ltr'>tolerabi</span> <span class='ocrx_word' id='word_1_319' title='bbox 1365 2295 1485 2326; x_wconf 77' lang='lat' dir='ltr'>Aurel.</span> 
     </span>
    </p>
   </div>
  </div>
 </body>
</html>
