1593 2496
149 62 230 100 102
573 54 612 91 C.
634 54 876 91 SALLUSTI
904 53 1061 91 CRISPI

147 167 236 206 lum
271 168 404 207 modo
433 178 624 216 pugnam
656 167 918 213 remiserant,
945 167 1095 206 intenti
1124 166 1334 215 proelium
1363 178 1491 217 eque—

95 231 119 262 4
145 231 228 266 stre
250 227 596 276 prospectabant.
637 237 724 272 eos,
746 227 806 265 uti
822 236 1024 276 quaeque
1039 225 1267 276 Iugurthae
1280 237 1345 265 res
1362 231 1493 273 erant,

144 286 282 325 laetos
310 286 457 332 modo,
490 285 624 325 modo
653 285 837 334 pavidos
864 285 1252 331 animadvorteres;
1279 296 1341 332 ac,
1367 286 1491 325 sicuti

145 345 283 384 audiri
310 356 335 383 a
362 346 451 384 suis
472 350 546 383 aut
568 345 680 384 cerni
704 349 894 393 possent,
921 355 1099 384 monere
1119 344 1203 390 alii,
1229 343 1299 383 alii
1322 345 1491 390 hortari,

145 409 218 443 aut
251 415 383 443 manu
417 404 660 453 significare
693 409 767 442 aut
793 404 868 442 niti
896 403 1162 452 corporibus,
1194 408 1234 442 et
1262 415 1313 443 ea
1340 404 1424 444 huc
1450 409 1490 444 et
1516 414 1534 441 5

96 480 116 510 5
145 463 245 502 illuc
265 464 389 512 quasi
409 463 637 502 vitabundi
658 467 731 502 aut
752 463 957 502 iacientes
976 462 1060 501 tela
1075 463 1248 511 agitare.
1282 463 1401 512 quod
1416 463 1489 503 ubi

144 522 280 562 Mario
312 523 534 571 cognitum
563 526 627 561 est
653 542 708 546 —
736 533 836 560 nam
864 522 899 560 is
926 522 968 560 in
997 533 1048 561 ea
1075 526 1194 570 parte
1221 522 1396 561 curabat
1423 542 1490 567 —-‚

145 581 343 621 consulto
372 581 512 620 lenius
539 592 668 630 agere
695 592 745 619 ac
772 581 1057 620 diffidentiam
1082 581 1140 620 rei
1162 581 1374 627 simulare,
1402 582 1490 630 pati

95 645 117 675 6
144 640 356 679 Numidas
378 641 471 680 sine
492 640 677 679 tumultu
696 641 807 689 regis
824 640 1034 689 proelium
1051 641 1201 679 visere.
1235 641 1293 679 ita
1308 640 1390 679 illis
1405 645 1491 679 stu-

144 700 216 739 dio
233 711 410 739 suorum
426 700 637 739 adstrictis
651 703 827 748 repente
839 710 999 749 magna
1009 700 1052 737 vi
1066 699 1322 749 aggreditur.
1351 704 1392 739 et
1403 700 1489 738 iam
1512 709 1545 736 10

144 758 270 798 scalis
298 760 459 808 egressi
487 758 643 798 milites
671 769 807 807 prope
827 769 999 797 summa
1019 763 1232 807 ceperant,
1259 770 1392 808 quom
1415 770 1490 808 op-

144 818 292 867 pidani
326 822 600 863 concurrunt;
633 818 813 867 lapides,
847 818 1004 867 ignem,
1038 817 1122 856 alia
1156 822 1378 866 praeterea
1404 817 1487 857 tela

96 882 114 912 7
144 878 354 927 ingerunt.
394 878 528 917 nostri
550 878 688 926 primo
710 878 921 922 resistere;
949 876 1107 916 deinde
1129 876 1202 915 ubi
1224 888 1337 916 unae
1358 881 1489 926 atque

144 936 303 976 alterae
343 936 486 976 scalae
526 938 816 981 conminutae,
855 937 927 985 qui
961 940 1296 985 supersteterant
1328 936 1488 975 adflicti

144 1000 254 1041 sunt,
276 996 415 1042 ceteri,
437 1007 616 1045 quoquo
639 995 772 1035 modo
791 1000 981 1044 potuere,
1003 996 1129 1044 pauci
1145 996 1309 1045 integri,
1330 1006 1489 1045 magna
1511 1005 1545 1032 15

96 1059 117 1090 8
145 1066 242 1103 pars
262 1055 514 1095 volneribus
529 1055 711 1094 confecti
729 1055 900 1094 abeunt.
935 1054 1124 1103 denique
1137 1055 1351 1103 utrimque
1368 1065 1488 1103 proe-

143 1114 247 1153 lium
275 1125 361 1154 nox
389 1114 569 1153 diremit.

77 1175 127 1212 61
202 1173 402 1213 Metellus
424 1178 655 1222 postquam
676 1173 796 1212 videt
810 1172 960 1211 frustra
976 1173 1193 1221 inceptum
1210 1184 1352 1222 neque
1368 1173 1490 1222 oppi-

143 1233 246 1271 dum
276 1233 371 1281 capi
398 1243 542 1282 neque
562 1232 809 1282 Iugurtham
831 1233 912 1270 nisi
935 1243 986 1270 ex
1008 1232 1174 1270 insidiis
1196 1236 1268 1271 aut
1289 1242 1369 1271 suo
1390 1231 1488 1271 loco

144 1303 336 1341 pugnam
365 1292 504 1331 facere
526 1296 567 1331 et
588 1292 673 1330 iam
695 1295 903 1330 aestatem
927 1295 1121 1330 exactam
1145 1302 1252 1336 esse,
1279 1291 1333 1330 ab
1354 1290 1488 1330 Zama
1508 1301 1545 1328 m

144 1351 328 1390 discedit
349 1355 389 1390 et
402 1352 452 1389 -in
475 1351 525 1390 iis
546 1351 735 1396 urbibus,
757 1361 869 1400 quae
890 1350 945 1389 ad
967 1361 1014 1389 se
1035 1350 1280 1389 defecerant
1296 1351 1489 1400 satisque

96 1415 115 1445 2
143 1411 336 1449 munitae
357 1410 454 1449 loco
476 1414 550 1449 aut
570 1410 800 1449 moenibus
823 1414 953 1455 erant,
974 1409 1189 1458 praesidia
1211 1410 1390 1458 inponit.
1423 1420 1488 1448 ce-

143 1473 279 1508 terum
309 1470 540 1508 exercitum
569 1470 611 1507 in
639 1470 919 1518 provinciam,
946 1479 1059 1518 quae
1086 1479 1296 1517 proxuma
1319 1473 1382 1507 est
1402 1467 1488 1507 Nu-

97 1533 117 1564 3
144 1528 315 1574 midiae,
343 1528 564 1567 hiemandi
592 1529 728 1577 gratia
755 1528 965 1567 conlocat.
997 1539 1140 1577 neque
1168 1528 1210 1566 id
1237 1532 1409 1576 tempus
1437 1538 1487 1566 ex

143 1587 325 1627 aliorum
347 1598 467 1627 more
488 1588 620 1636 quieti
642 1592 715 1626 aut
730 1587 923 1626 luxuriae
939 1587 1148 1633 concedit,
1169 1587 1258 1632 sed,
1280 1587 1488 1636 quoniam
1508 1596 1543 1623 25

143 1648 272 1685 armis
299 1646 460 1686 bellum
488 1657 639 1695 parum
668 1646 942 1695 procedebat,
969 1646 1147 1685 insidias
1174 1648 1263 1696 regi
1291 1657 1364 1694 per
1385 1647 1490 1685 arni-

95 1699 116 1729 4
144 1717 218 1745 cos
245 1706 422 1745 tendere
450 1710 490 1744 et
517 1717 665 1745 eorum
695 1706 874 1754 perfidia
902 1717 977 1754 pro
1005 1706 1134 1744 armis
1161 1706 1219 1744 uti
1242 1709 1372 1754 parat.
1412 1706 1489 1754 igi-

143 1770 208 1804 tur
229 1765 526 1810 Bomilcarem,
548 1766 621 1814 qui
642 1764 806 1804 Romae
828 1776 925 1803 cum
946 1764 1149 1814 Iugurtha
1169 1764 1304 1803 fuerat
1325 1769 1364 1803 et
1386 1764 1489 1803 inde

142 1824 329 1863 vadibus
357 1824 467 1863 datis
495 1824 605 1863 clam
634 1824 687 1863 de
709 1824 926 1863 Massivae
953 1835 1059 1863 nece
1083 1823 1288 1862 iudicium
1310 1823 1488 1872 fugerat,

143 1883 262 1932 quod
285 1884 323 1922 ei
345 1894 419 1932 per
434 1894 683 1922 maxumam
699 1884 931 1922 amicitiam
948 1893 1151 1921 maxuma
1166 1883 1292 1931 copia
1307 1882 1486 1921 fallundi
1505 1891 1542 1920 ³0

203 1976 223 2007 5
250 1980 311 2007 aut
337 1974 416 2014 niti]
445 1980 506 2007 aut
539 1978 576 2008 in
598 1986 670 2016 my.
692 1972 743 2007 A²
775 1986 845 2008 om.
866 1973 1013 2007 NTnm
1118 1975 1160 2007 13
1187 1976 1248 2007 ubi
1270 1999 1278 2007 .
1295 2000 1325 2007 ..
1347 1976 1484 2007 conmi-

143 2026 253 2055 nutae
293 2023 425 2056 Claud.
452 2023 548 2056 Dori.
574 2024 660 2056 Aen.
686 2028 716 2062 2,
731 2028 792 2056 442
883 2021 958 2061 ubi]
998 2026 1191 2062 postquam
1232 2022 1363 2055 Claud.
1389 2022 1486 2055 Don.

207 2071 249 2102 14
269 2071 505 2103 conminutae
526 2074 609 2102 sunt
631 2070 762 2104 Claud.
784 2071 878 2103 Don.
951 2070 992 2102 16
1014 2071 1174 2109 denique
1188 2070 1241 2101 xl
1257 2070 1391 2102 deinde
1406 2071 1485 2102 rell.

202 2117 244 2149 19
271 2119 340 2149 nisi
367 2114 521 2159 Μ-Ι-Ῑη.
541 2122 562 2149 2
588 2117 719 2149 AKHl
746 2119 782 2150 ni
808 2118 834 2150 F
860 2119 924 2149 niti
951 2112 1309 2149 PA¹NK¹H¹Dl¹m
1330 2118 1394 2148 niti
1415 2118 1486 2149 nisi

144 2164 267 2197 CBsn
365 2165 410 2197 20
442 2166 488 2196 ab
520 2165 632 2196 Zama
652 2190 659 2197 .
682 2189 689 2197 .
710 2189 718 2198 .
740 2165 948 2197 defecerant
979 2165 1084 2196 Arus.
1111 2174 1267 2204 yramm.
1286 2164 1343 2196 Vll
1360 2167 1431 2203 485,
1445 2167 1486 2196 23

203 2212 243 2243 21
267 2215 303 2243 et
316 2212 501 2244 om.Arus.
558 2213 593 2243 in
609 2236 617 2244 .
633 2235 641 2244 .
655 2235 664 2245 .
679 2212 888 2245 defecerant
901 2212 1170 2251 Arus.9ramm.
1190 2211 1247 2243 VII
1264 2215 1334 2250 466,
1348 2215 1390 2243 20
1438 2211 1486 2243 ad

142 2254 340 2291 ΡΞΝἯΤ1
365 2259 471 2291 Aras.
493 2260 538 2290 ab
560 2260 637 2291 rell.
658 2261 764 2292 codd.
838 2259 882 2291 29
908 2259 999 2291 clam
1021 2269 1092 2291 om.
1112 2259 1139 2290 P
1159 2269 1187 2291 s.
1208 2268 1237 2291 s.
1257 2258 1289 2290 A
1310 2260 1346 2290 in
1369 2268 1439 2298 my.
1461 2267 1484 2290 n

202 2307 247 2338 de
277 2310 322 2338 M.
344 2314 435 2338 nece
461 2306 611 2338 XNKm
638 2306 684 2338 M.
706 2307 752 2339 de
778 2315 869 2339 nece
896 2306 986 2338 Asn
1014 2307 1059 2338 de
1085 2315 1156 2338 om.
1177 2302 1270 2337 ΗΓΙ
