1593 2496
372 77 574 113 BELLUM
602 76 966 113 IUGURTHINUM
996 80 1133 112 36-38
1368 82 1424 120 85

72 193 264 231 vanitate
286 196 416 240 atque
432 191 629 239 inperitia
645 189 775 239 legati
791 188 977 228 subdole
994 189 1086 227 eius
1102 199 1262 238 augere
1278 199 1424 228 amen-

73 251 190 296 tiam,
216 251 427 289 missitare
449 249 735 298 supplicantis
757 248 937 298 legatos
965 249 1058 297 ipse
1080 248 1205 297 quasi
1225 248 1424 286 vitabun-

72 310 156 349 dus
194 320 267 359 per
302 309 496 349 saltuosa
532 308 629 348 loca
664 312 706 347 et
742 308 932 346 tramites
969 308 1202 346 exercitum
1236 306 1424 346 ductare.
1451 312 1472 342 2

71 369 264 419 denique
295 367 457 408 Aulum
492 379 569 417 spe
607 367 819 417 pactionis
848 366 1044 416 perpulit,
1078 367 1137 405 uti
1171 365 1318 406 relicto
1347 364 1424 405 Su-

30 435 49 461 5
74 428 191 468 thule
208 429 248 467 in
265 427 436 467 abditas
452 428 653 477 regiones
671 437 768 466 sese
783 425 916 465 veluti
933 425 1161 465 cedentem
1177 426 1423 474 insequere-

71 493 151 527 tur:
189 488 246 527 ita
282 487 440 526 delicta
475 486 711 526 occultiora
744 485 874 526 fuere.
917 486 1079 524 interea
1112 496 1187 533 per
1222 485 1422 525 homines
1451 490 1470 521 3

70 546 253 587 callidos
274 546 348 586 diu
369 551 590 596 noctuque
611 546 845 585 exercitum
868 545 1120 594 temptabat,
1148 545 1423 584 centuriones

69 606 295 655 ducesque
321 610 568 651 turmarum,
606 605 758 654 partim
787 606 847 644 uti
874 604 1203 654 transfugerent,
1238 614 1423 643 corrum-

71 677 183 714 pere,
218 665 288 704 alii
319 666 445 715 signo
473 665 576 704 dato
605 664 749 704 locum
778 665 837 703 uti
865 664 1123 703 desererent.
1163 674 1278 713 quae
1306 668 1422 712 post·
1450 669 1469 698 4

17 730 51 757 10
71 735 202 774 quam
232 736 283 764 ex
310 725 526 764 sententia
553 725 732 769 instruit,
760 724 1022 772 intempesta
1048 727 1177 763 nocte
1204 723 1259 762 de
1280 723 1423 771 inpro-

68 785 165 824 viso
200 783 475 823 multitudine
508 782 796 823 Numidarum
824 782 923 822 Auli
958 788 1095 822 castra
1129 782 1422 822 circumvenit.

70 842 227 883 milites
254 842 450 889 Romani,
480 842 664 892 perculsi
691 841 877 882 tumultu
905 842 1092 888 insolito,
1120 853 1239 881 arma
1268 852 1422 890 capere
1450 847 1470 876 5

69 902 153 948 alii,
175 902 246 942 alii
261 914 308 942 se
322 901 495 949 abdere,
517 913 615 951 pars
629 903 796 942 territos
813 901 1079 947 confirmare,
1101 901 1316 950 trepidare
1332 912 1422 940 om-

68 962 197 1001 nibus
219 962 337 1002 locis.
363 963 429 1001 vis
450 973 611 1012 magna
632 961 834 1007 hostium,
857 961 1026 1001 caelum
1048 965 1176 1002 nocte
1197 965 1330 1010 atque
1346 972 1421 999 nu-

16 1032 50 1059 15
69 1021 197 1061 bibus
225 1021 515 1066 obscuratum,
542 1021 782 1070 periculum
809 1031 989 1070 anceps;
1023 1025 1244 1069 postremo
1272 1019 1421 1069 fugere

68 1091 125 1120 an
158 1092 334 1120 manere
366 1081 498 1120 tutius
524 1081 643 1126 foret,
676 1081 718 1119 in
746 1081 909 1120 incerto
938 1085 1037 1119 erat.
1076 1080 1154 1119 sed
1183 1091 1235 1119 ex
1264 1090 1316 1119 eo
1344 1090 1421 1117 nu·
1449 1084 1469 1114 ti

69 1151 201 1186 mero,
222 1151 334 1190 quos
355 1140 487 1189 paulo
509 1144 610 1179 ante
625 1144 849 1188 corruptos
865 1140 1066 1185 diximus,
1082 1139 1240 1179 cohors
1256 1149 1343 1177 una
1358 1138 1423 1178 Li-

68 1210 224 1249 gurum
252 1211 350 1239 cum
378 1199 550 1239 duabus
571 1200 721 1238 turmis
742 1198 956 1239 Thracum
980 1204 1021 1238 et
1041 1200 1192 1249 paucis
1214 1199 1422 1248 gregariis

70 1257 277 1298 militibus
298 1260 504 1298 transiere
523 1258 578 1297 ad
594 1269 754 1308 regem,
776 1263 817 1298 et
832 1259 1025 1298 centurio
1042 1259 1167 1308 primi
1183 1257 1258 1307 pili
1274 1258 1422 1297 tertiae

14 1328 50 1356 20
70 1317 256 1367 legionis
287 1329 361 1367 per
388 1319 688 1363 munitionem,
716 1329 848 1367 quam
879 1318 937 1357 uti
966 1317 1216 1357 defenderet
1244 1328 1423 1366 accepe-

70 1382 143 1422 rat,
176 1376 320 1417 locum
354 1377 552 1417 hostibus
585 1377 831 1417 introeundi
865 1377 995 1423 dedit,
1029 1388 1170 1426 eaque
1204 1376 1421 1416 Numidae

70 1437 211 1475 cuncti
241 1437 450 1485 inrupere.
482 1437 616 1476 nostri
644 1436 774 1477 foeda
800 1437 915 1486 fuga,
942 1436 1136 1486 plerique
1158 1436 1338 1475 abiectis
1360 1446 1421 1474 ar·
1450 1439 1469 1470 7

71 1497 163 1540 mis,
187 1507 447 1544 proxumum
470 1495 627 1535 collem
648 1501 983 1545 occupaverunt.
1010 1507 1097 1536 nox
1112 1500 1244 1544 atque
1260 1495 1422 1544 praeda
1450 1499 1469 1529 8

70 1560 307 1595 castrorum
328 1555 477 1600 hostis,
498 1566 586 1605 quo
603 1557 746 1595 minus
760 1556 942 1596 victoria
956 1560 1186 1600 uterentur,
1208 1558 1421 1594 remorata

15 1624 50 1653 23
70 1620 180 1654 sunt.
216 1614 376 1654 deinde
402 1614 606 1664 Iugurtha
634 1620 808 1664 postero
836 1614 907 1654 die
935 1627 1033 1654 cum
1060 1614 1175 1654 Aulo
1203 1615 1246 1653 in
1274 1613 1421 1653 conlo-
1448 1618 1470 1647 9

70 1674 174 1723 quio
202 1674 335 1713 verba
368 1674 484 1713 facit:
520 1675 690 1713 tametsi
724 1676 867 1723 ipsum
895 1686 993 1713 cum
1023 1675 1211 1713 exercitu
1239 1673 1353 1712 fame
1381 1678 1422 1712 et

69 1732 179 1773 ferro
208 1733 403 1772 clausum
432 1729 532 1781 ten<
536 1729 663 1782 er>et,
696 1738 842 1773 tamen
870 1745 917 1772 se
945 1744 1184 1773 memorem
1212 1733 1422 1771 humana-

69 1804 163 1834 rum
185 1803 337 1838 rerum,
358 1793 393 1831 si
411 1803 560 1832 secum
578 1792 733 1832 foedus
750 1793 918 1839 iaceret,
935 1793 1165 1832 incolumis
1181 1793 1324 1832 omnis
1339 1790 1420 1830 sub

70 1853 220 1901 iugum
248 1853 498 1897 missurum;
525 1856 745 1900 praeterea
772 1854 831 1891 uti
859 1852 1014 1891 diebus
1041 1852 1194 1892 decem
1215 1850 1423 1890 Numidia

15 1920 52 1948 30
71 1911 311 1951 decederet.
337 1921 451 1960 quae
473 1922 739 1961 quamquam
761 1912 910 1961 gravia
932 1916 972 1950 et
992 1911 1127 1961 flagiti
1145 1911 1277 1961 plena
1291 1915 1421 1956 erant,
1440 1914 1481 1944 10

134 2039 148 2070 1
179 2039 336 2071 subdolo
372 2039 399 2070 P
435 2039 613 2071 subdolus
646 2035 793 2071 ΑῙΝΚ1
891 2039 910 2071 2
945 2040 1049 2078 quasi
1148 2041 1296 2071 ductare
1322 2039 1421 2071 Serv.

71 2087 157 2118 Aen.
181 2089 229 2124 10,
243 2090 301 2118 341
353 2087 575 2118 vitabundus
590 2111 598 2119 .
615 2112 622 2120 .
639 2112 646 2118 .
662 2087 808 2119 ductare
823 2087 943 2119 Diom.
958 2096 1116 2124 qramm.
1128 2087 1144 2118 l
1161 2090 1233 2125 403,
1248 2091 1268 2118 5
1318 2087 1338 2118 3
1353 2090 1421 2117 tra-

73 2134 177 2166 mites
197 2137 233 2166 et
252 2134 331 2165 salt.
351 2133 432 2165 loca
452 2134 549 2167 Serv.
572 2138 608 2166 et
627 2135 785 2166 tramites
807 2144 878 2167 om.
893 2134 1013 2166 Diom.
1064 2143 1179 2166 exerc.
1197 2131 1306 2172 duct.]
1323 2142 1421 2166 rece-

72 2194 183 2226 debat
207 2194 328 2226 Diom.
415 2194 434 2225 7
462 2195 523 2226 diu
549 2194 617 2227 ΡΝ
644 2179 705 2226 dig
732 2194 764 2226 A
785 2195 845 2227 die
866 2196 942 2226 rell.
1012 2193 1032 2225 8
1053 2195 1181 2233 partim
1201 2188 1421 2225 TD²anm

73 2242 225 2280 partium
241 2242 317 2273 rell.
335 2239 377 2279 (s.
393 2242 506 2273 duces
526 2251 555 2274 s.
569 2252 598 2274 s.
614 2240 662 2280 A)
715 2242 758 2273 19
779 2243 928 2274 transire
950 2242 980 2273 Y
1001 2239 1037 2280 (e
1051 2251 1081 2274 s.
1094 2251 1122 2274 s.
1139 2240 1182 2279 T)
1233 2241 1277 2272 22
1298 2241 1420 2271 irrum-

74 2297 158 2327 pere
190 2284 267 2320 P¹n
300 2297 452 2327 erupere
486 2289 570 2321 CBl
640 2290 751 2321 nostri
782 2290 891 2322 foeda
918 2289 1004 2329 fuga
1029 2289 1125 2321 Don.
1149 2288 1228 2320 Ter.
1249 2288 1340 2320 Ειιιι.
1360 2291 1422 2318 313

132 2335 177 2367 26
203 2336 287 2368 iacit
314 2336 525 2367 XNDsnm
553 2337 637 2369 fecit
662 2336 750 2368 BYl
827 2337 869 2368 27
898 2337 1008 2376 mrlqo
1036 2337 1183 2368 addunt
