1593 2496
164 61 246 100 110
589 53 628 91 C.
649 54 893 92 SALLUSTI
920 55 1077 92 CRISPI

158 179 252 207 rum
273 172 550 217 cognoverat,
578 167 809 207 interfectis
831 168 937 206 iram
960 172 1245 217 oppresserat,
1272 181 1327 209 ne
1349 181 1435 219 qua
1457 181 1508 210 ex

111 229 132 260 2
159 237 213 267 eo
241 227 420 277 negotio
447 226 603 266 seditio
632 231 831 266 oreretur.
864 237 1009 276 neque
1035 231 1135 276 post
1161 227 1203 266 id
1230 228 1424 269 locorum
1445 229 1509 268 Iu-

157 286 339 337 gurthae
367 286 460 325 dies
481 290 555 325 aut
575 297 663 325 nox
684 285 771 325 ulla
792 286 938 335 quieta
959 286 1052 325 fuit:
1079 297 1224 336 neque
1244 287 1342 328 loco
1364 299 1508 338 neque

157 345 329 385 mortali
351 345 590 395 quoiquam
611 349 685 384 aut
706 345 890 394 tempori
905 346 1010 384 satis
1025 345 1209 392 credere,
1231 347 1337 386 civis
1353 347 1509 387 hostis-

155 415 245 454 que
272 405 390 443 iuxta
417 408 620 450 metuere,
648 404 1005 453 circumspectare
1032 405 1180 444 omnia
1207 410 1247 445 et
1268 407 1387 446 omni
1408 410 1509 446 stre·
1540 417 1558 443 5

158 464 250 513 pitu
278 474 525 513 pavescere,
553 463 638 503 alio
659 459 819 513 <atque
839 459 954 512 alio>
976 463 1085 509 loco,
1113 475 1246 513 saepe
1268 470 1416 505 contra
1436 466 1508 506 de-

158 533 235 562 cus
262 523 440 572 regium,
467 526 598 562 noctu
621 523 900 572 requiescere,
929 523 1143 562 interdum
1165 534 1320 564 somno
1344 526 1508 564 excitus

157 583 338 631 arreptis
364 582 493 621 armis
520 581 751 620 tumultum
774 581 930 621 facere:
959 582 1016 620 ita
1040 582 1269 622 formidine
1292 585 1416 633 quasi
1436 595 1509 623 ve-

159 641 308 681 cordia
335 641 552 691 exagitari.

88 701 146 740 73
217 700 346 751 Igitur
367 699 579 746 Metellus,
608 700 680 738 ubi
708 700 762 739 de
790 711 894 739 casu
915 699 1168 739 Bomilcaris
1190 705 1230 740 et
1251 700 1411 740 indicio
1434 712 1509 750 pa·
1530 712 1563 738 ιο

158 759 316 799 tefacto
351 771 404 799 ex
430 759 620 809 perfugis
649 760 866 808 cognovit,
899 770 1043 798 rursus
1071 764 1293 809 tamquam
1321 760 1376 798 ad
1404 760 1508 800 inte-

113 824 132 856 2
158 830 282 869 grum
310 818 472 858 bellum
501 822 656 858 cuncta
676 822 797 867 parat
817 817 1089 867 festinatque.
1124 818 1306 858 Marium
1328 818 1508 868 fatigan-

158 882 245 918 tem
280 878 334 917 de
368 878 646 927 profectione,
679 877 808 917 simul
835 881 877 917 et
903 878 1085 916 invitum
1116 884 1155 916 et
1183 878 1398 917 offensum
1426 878 1508 918 sibi

111 943 132 975 3
159 949 311 987 parum
334 937 542 978 idoneum
564 941 692 982 ratus,
713 937 893 976 domum
911 936 1093 976 dimittit.
1122 942 1163 976 et
1178 936 1341 977 Romae
1357 937 1509 986 plebes

157 996 318 1043 litteris,
347 1007 460 1046 quae
481 996 536 1036 de
557 995 732 1036 Metello
754 1007 804 1035 ac
825 995 961 1035 Mario
983 996 1142 1035 missae
1165 1001 1296 1043 erant,
1323 997 1508 1046 cognitis
1530 1007 1563 1034 15

108 1062 132 1093 4
157 1055 322 1096 volenti
353 1057 499 1096 animo
528 1055 582 1095 de
608 1055 826 1095 ambobus
851 1060 1118 1104 acceperant.
1159 1056 1405 1105 imperatori
1433 1067 1508 1096 no-

157 1115 314 1161 bilitas,
335 1126 449 1165 quae
469 1119 598 1154 antea
619 1114 764 1154 decori
785 1114 873 1160 fuit,
894 1114 1085 1153 invidiae
1108 1125 1222 1160 esse;
1244 1119 1287 1154 at
1307 1115 1367 1154 illi
1388 1114 1508 1155 alteri

157 1175 331 1225 generis
363 1174 584 1213 humilitas
611 1174 805 1213 favorem
833 1173 1069 1213 addiderat.
1110 1178 1298 1213 ceterum
1326 1175 1368 1213 in
1396 1178 1509 1214 utro-

158 1245 245 1284 que
266 1234 406 1284 magis
427 1234 571 1273 studia
592 1234 774 1282 partium
798 1244 929 1282 quarn
951 1233 1067 1272 bona
1089 1238 1162 1272 aut
1182 1232 1298 1273 mala
1317 1244 1397 1273 sua
1418 1245 1508 1273 mo-

112 1300 132 1331 5
159 1293 320 1333 derata.
342 1298 565 1342 praeterea
579 1293 775 1332 seditiosi
791 1293 1067 1341 magistratus
1082 1292 1261 1342 volgum
1279 1293 1507 1342 exagitare,
1528 1303 1563 1330 20

158 1352 381 1392 Metellum
418 1353 623 1392 omnibus
657 1351 934 1392 contionibus
962 1352 1113 1400 capitis
1141 1362 1369 1398 arcessere,
1403 1351 1508 1391 Mari

113 1418 133 1448 6
158 1413 360 1452 virtutem
382 1412 424 1450 in
446 1412 586 1451 maius
609 1411 838 1450 celebrare.
866 1411 1056 1460 denique
1071 1410 1222 1459 plebes
1238 1412 1299 1450 sic
1313 1422 1508 1457 accensa,

159 1472 220 1510 uti
249 1471 429 1520 opifices
456 1475 738 1520 agrestesque
761 1481 926 1515 omnes,
953 1481 1138 1519 quorum
1161 1481 1225 1509 res
1247 1469 1445 1520 fidesque
1466 1471 1508 1509 in

159 1530 362 1570 manibus
389 1531 498 1569 sitae
520 1534 650 1575 erant,
678 1529 833 1568 relictis
855 1529 1060 1578 operibus
1082 1528 1399 1579 frequentarent
1420 1529 1509 1568 Ma-

159 1590 268 1629 rium
305 1593 346 1629 et
378 1600 458 1628 sua
489 1589 734 1628 necessaria
767 1593 865 1637 post
898 1588 1011 1627 illius
1045 1588 1255 1628 honorem
1291 1588 1506 1628 ducerent.
1528 1597 1563 1625 25

115 1654 135 1684 7
161 1649 220 1687 ita
241 1648 439 1698 perculsa
460 1648 684 1688 nobilitate
707 1652 805 1696 post
826 1647 983 1686 multas
1004 1652 1284 1696 tempestates
1300 1659 1417 1688 novo
1433 1648 1508 1687 ho-

160 1709 266 1747 mini
294 1707 546 1748 consulatus
574 1707 813 1746 mandatur.
847 1711 887 1746 et
908 1711 1061 1756 postea
1083 1706 1271 1756 populus
1292 1718 1318 1745 a
1337 1707 1506 1746 tribuno

160 1767 301 1816 plebis
334 1767 378 1807 T.
412 1767 574 1806 Manlio
609 1766 811 1806 Mancino
848 1770 1036 1816 rogatus,
1075 1777 1204 1815 quem
1243 1765 1375 1805 vellet
1410 1777 1506 1805 cum

159 1826 364 1876 Iugurtha
403 1826 565 1866 bellum
601 1836 761 1875 gerere,
801 1825 1002 1874 frequens
1039 1825 1219 1863 Marium
1257 1825 1389 1864 iussit.
1430 1825 1506 1864 sed

160 1885 293 1934 paulo
316 1917 323 1925 .
345 1917 353 1925 .
375 1917 383 1925 .
411 1885 676 1925 decreverat:
706 1896 757 1924 ea
783 1896 849 1924 res
877 1884 1028 1923 frustra
1054 1883 1140 1923 fuit.
1528 1894 1563 1921 30

221 1978 242 2010 2
269 1981 427 2011 oreretur
451 1974 596 2010 PA¹N¹
623 1979 770 2010 oriretur
797 1979 875 2010 rell.
961 1977 981 2008 5
1009 1978 1108 2008 omni
1135 1978 1285 2015 strepitu
1311 1985 1508 2016 pavescere

161 2026 269 2058 Aras.
283 2035 440 2065 yramm.
454 2026 583 2064 Vll503,
598 2029 619 2057 6
680 2025 701 2056 6
716 2026 892 2065 leguntur
911 2026 947 2056 in
970 2026 1127 2063 inteqris
1146 2025 1369 2064 quibusdam
1386 2033 1508 2056 recen—

161 2074 322 2104 tioribus
415 2073 434 2105 7
462 2073 640 2105 interdum
662 2096 670 2105 .
687 2096 694 2103 .
710 2096 718 2104 .
739 2073 857 2104 facere
884 2072 1004 2103 Diom.
1025 2081 1181 2111 yrfflnm.
1203 2072 1220 2103 Ι
1236 2075 1307 2110 376,
1324 2075 1363 2103 15
1411 2072 1507 2104 exci-

160 2118 232 2158 ωε]
260 2121 304 2159 cf.
326 2119 428 2160 Sulp.
449 2119 528 2152 Sev.
550 2121 657 2160 epist.
680 2124 707 2158 1,
724 2123 773 2151 12.
796 2123 844 2159 12,
859 2123 879 2151 5
900 2117 1046 2158 (somno
1067 2117 1222 2158 excitus)
1244 2119 1422 2151 exercitus
1442 2117 1508 2150 ΡΝ

162 2168 341 2199 excitatus
366 2167 403 2198 M
430 2170 660 2206 experrectus
686 2167 807 2199 Diom.
905 2166 949 2198 25
978 2170 1013 2198 et
1039 2175 1104 2198 sua
1125 2190 1132 2198 .
1150 2191 1156 2197 .
1173 2190 1180 2199 .
1203 2167 1376 2198 ducerent
1401 2165 1507 2198 Arus.

162 2224 320 2254 gyratam.
340 2214 398 2246 Vll
415 2218 486 2253 502,
504 2218 541 2246 19
615 2212 807 2252 honorem]
842 2214 1028 2253 negotium
1062 2214 1167 2245 Aras.
1243 2214 1375 2245 ducere
1400 2212 1506 2245 Aras.

223 2261 268 2294 28
287 2261 326 2293 T.
344 2270 475 2301 praetr.
496 2261 564 2293 ΡΑ
590 2271 660 2294 om.
683 2262 759 2293 rell.
845 2260 1016 2293 Mancino
1043 2261 1157 2292 PAls
1183 2257 1406 2299 Mant(h)ino
1432 2260 1508 2292 NM

162 2309 255 2340 'rr-'n
265 2317 297 2341 m
311 2308 499 2341 Manctino
514 2309 546 2340 H
556 2309 587 2340 D
601 2308 773 2340 Mancino
789 2308 846 2341 CB
898 2307 943 2339 29
957 2308 1022 2340 sed
1040 2308 1146 2346 paulo
1159 2305 1322 2346 (paulum
1335 2305 1374 2346 n)
1384 2307 1506 2340 decre-
