1593 2496
134 56 160 95 8
568 49 608 86 C.
628 50 871 86 SALLUSTI
898 49 1056 87 CRISPI

137 163 258 203 locus
292 162 404 201 ullus
438 174 564 212 asper
593 168 666 202 aut
692 163 852 202 arduos
880 168 979 209 erat,
1012 174 1100 203 non
1127 169 1316 202 armatus
1343 164 1480 203 hostis

87 231 111 262 6
137 222 463 262 formidulosus:
485 223 618 261 virtus
635 223 783 261 omnia
797 222 1035 262 domuerat.
1062 223 1138 262 sed
1154 223 1318 272 gloriae
1333 234 1482 262 maxu‘

137 293 256 320 mum
296 286 512 321 certarnen
551 281 658 320 inter
695 282 815 330 ipsos
854 286 958 321 erat:
999 293 1046 321 se
1084 283 1270 331 quisque
1309 281 1479 321 hostem

137 341 270 386 ferire,
309 352 478 379 murum
518 340 765 386 ascendere,
805 341 1009 389 conspici,
1048 341 1153 380 dum
1191 341 1276 381 tale
1314 341 1480 380 facinus

137 400 305 445 faceret,
342 399 611 448 properabat.
657 410 730 438 eas
767 399 951 446 divitias,
988 411 1084 439 eam
1121 400 1283 440 bonam
1319 400 1479 439 famam
1516 407 1534 434 5

139 469 433 508 magnamque
460 458 729 498 nobilitatem
757 459 977 507 putabant.
1024 459 1164 498 laudis
1192 459 1320 505 avidi,
1353 470 1482 508 pecu-

138 519 237 557 niae
270 517 468 557 liberales
502 522 637 563 erant;
670 517 851 566 gloriam
885 519 1118 568 ingentem,
1151 518 1322 557 divitias
1348 518 1482 558 hone-

91 581 110 611 7
140 582 227 616 stas
247 577 465 616 volebant.
493 587 732 616 memorare
754 588 946 625 possum,
968 577 1126 626 quibus
1148 578 1190 616 in
1212 577 1318 617 locis
1334 588 1483 616 maxu-

139 647 232 675 mas
272 636 461 676 hostium
501 636 650 684 copias
690 636 879 684 populus
918 636 1139 676 Romanus
1179 647 1311 685 parva
1350 647 1483 675 manu

139 695 305 741 fuderit,
341 706 450 744 quas
484 695 600 734 urbis
633 699 785 733 natura
817 696 1005 734 munitas
1039 696 1278 745 pugnando
1313 696 1482 744 ceperit,
1504 703 1538 730 10

139 755 182 793 ni
209 765 262 794 ea
289 765 355 793 res
383 754 557 803 longius
584 765 666 793 nos
693 754 747 792 ab
776 754 949 803 incepto
976 754 1171 794 traheret.

91 818 118 857 8
200 813 286 853 Sed
323 814 514 862 proiecto
551 813 720 852 fortuna
746 814 788 852 in
817 814 935 853 omni
963 825 1006 853 re
1034 814 1296 860 dominatur;
1333 825 1384 853 ea
1416 825 1483 853 res

141 877 316 912 cunctas
351 884 402 912 ex
435 872 628 912 lubidine
662 873 801 922 magis
829 884 959 921 quam
989 884 1039 912 ex
1066 884 1169 913 vero
1198 873 1385 912 celebrat
1411 873 1486 912 ob-

94 940 114 972 2
142 937 381 980 scuratque.
407 931 739 971 Atheniensium
761 943 827 971 res
849 937 1009 981 gestae,
1031 933 1154 971 sicuti
1176 943 1259 982 ego
1275 937 1486 977 aestumo,

142 992 246 1030 satis
273 991 444 1039 amplae
472 991 819 1040 magnificaeque
841 991 968 1038 fuere,
996 1003 1145 1031 verum
1166 991 1389 1041 aliquanto
1411 991 1487 1030 mi-
1508 999 1541 1025 15

94 1059 114 1090 3
143 1062 269 1090 nores
302 1056 446 1089 tamen
475 1061 606 1099 quam
633 1050 748 1089 fama
775 1050 975 1090 feruntur.
1015 1051 1091 1090 sed
1120 1051 1222 1099 quia
1249 1061 1487 1099 provenere

142 1110 200 1148 ibi
246 1110 498 1158 scriptorum
544 1120 703 1159 magna
749 1111 937 1159 ingenia,
982 1121 1057 1159 per
1094 1114 1298 1149 terrarum
1338 1110 1487 1149 orbem

94 1176 115 1207 4
143 1168 474 1208 Atheniensium
497 1168 607 1207 facta
629 1180 704 1217 pro
727 1170 941 1208 maxumis
960 1169 1237 1209 celebrantur.
1265 1170 1323 1208 ita
1338 1180 1487 1208 eorum

143 1229 216 1277 qui
253 1228 390 1267 fecere
423 1229 556 1266 virtus
589 1232 706 1267 tanta
739 1228 931 1274 habetur,
968 1233 1177 1278 quantum
1214 1239 1310 1267 eam
1343 1228 1488 1267 verbis

95 1295 116 1326 5
144 1292 322 1336 potuere
351 1287 554 1326 extollere
576 1287 794 1336 praeclara
816 1288 1002 1337 ingenia.
1041 1292 1083 1326 at
1104 1287 1268 1336 populo
1290 1286 1487 1326 Romano
1508 1294 1543 1321 20

144 1358 383 1395 numquam
412 1357 464 1385 ea
492 1347 618 1395 copia
645 1347 734 1392 fuit,
769 1347 871 1395 quia
899 1347 1276 1395 prudentissumus
1304 1347 1489 1395 quisque

144 1417 348 1445 maxume
375 1407 631 1454 negotiosus
659 1410 758 1451 erat,
785 1407 1009 1455 ingenium
1037 1417 1167 1445 nemo
1196 1407 1289 1445 sine
1311 1416 1490 1454 corpore

145 1465 381 1509 exercebat,
409 1470 614 1513 optumus
636 1466 821 1514 quisque
843 1465 982 1505 facere
1003 1476 1133 1514 quam
1156 1465 1308 1511 dicere,
1335 1475 1415 1503 sua
1433 1464 1488 1503 ab

218 1641 232 1672 1
264 1650 338 1672 non
366 1650 450 1673 arm.
471 1642 586 1673 hostis
614 1641 714 1672 form.
740 1641 835 1672 Non.
859 1651 897 1681 ρ.
919 1645 1022 1679 113,4
1108 1641 1128 1673 3
1155 1649 1195 1671 se
1222 1640 1377 1679 quisque
1403 1636 1490 1671 ΡΑι

144 1685 293 1720 NK¹lm
308 1689 337 1719 si
353 1690 509 1728 quisque
529 1698 545 1720 s
560 1689 612 1720 sic
627 1697 666 1720 se
682 1689 838 1727 quisque
854 1683 1222 1720 A²CBK2HMTFn
1284 1687 1305 1718 6
1319 1687 1488 1719 laudis...

145 1739 245 1768 erant
265 1736 358 1768 Non.
379 1740 450 1774 442,
467 1741 504 1767 15
566 1736 683 1767 laudis
700 1761 706 1767 .
723 1761 730 1767 .
748 1760 754 1767 .
770 1736 944 1768 volebant
964 1736 1078 1775 *Aua
1101 1736 1166 1767 civ.
1181 1739 1210 1773 5,
1228 1739 1266 1766 12
1328 1743 1406 1773 pec.
1427 1735 1489 1766 lib.

145 1787 246 1815 erant
278 1784 384 1815 Aras.
404 1793 561 1822 yrwnm.
581 1783 639 1815 VI!
661 1786 732 1822 490,
747 1787 784 1814 21
890 1783 911 1814 8
944 1791 1143 1815 memorare
1159 1806 1166 1813 .
1182 1806 1188 1813 .
1206 1806 1213 1813 .
1228 1782 1358 1814 fuderit
1389 1781 1489 1814 Serv.

145 1831 231 1862 Aen.
254 1834 302 1866 12,
316 1834 378 1861 230
435 1839 584 1869 possum
611 1826 704 1862 A¹m
731 1830 830 1862 Seru.
846 1839 993 1869 possem
1015 1831 1092 1862 rell.
1108 1830 1213 1861 codd.
1290 1829 1331 1860 12
1352 1829 1441 1861 sed.
1457 1854 1464 1861 .
1481 1853 1489 1860 .

146 1878 352 1910 dominatur
380 1878 479 1910 Lcret.
506 1880 591 1910 inst.
611 1882 642 1916 3,
657 1882 708 1916 29,
722 1881 742 1909 8
815 1879 881 1909 sed
896 1903 903 1909 .
920 1902 926 1909 .
944 1903 951 1910 .
965 1879 1207 1916 obscuratque
1227 1877 1319 1916 Any.
1340 1877 1406 1908 civ.
1429 1881 1455 1914 7,
1469 1880 1490 1907 3

146 1934 202 1957 res
214 1949 222 1957 .
237 1950 245 1956 .
261 1949 268 1957 .
284 1926 527 1964 obscuratque
554 1926 652 1957 Lacr.
683 1927 769 1957 inst.
788 1929 818 1963 3,
832 1929 883 1963 29,
897 1928 918 1956 8
993 1925 1035 1957 13
1063 1925 1221 1956 celebrat
1247 1924 1491 1962 obscuratque

146 1973 244 2004 Lacr.
322 1972 363 2003 14
384 1971 664 2005 Atheniensium
680 1998 687 2004 .
701 1998 708 2004 .
724 1997 731 2004 .
748 1970 824 2011 (20)
846 1973 995 2011 ingenia
1015 1973 1105 2011 Any.
1121 1973 1187 2003 civ.
1203 1974 1252 2009 18,
1266 1975 1287 2002 2
1363 1970 1405 2002 16
1424 1971 1490 2003 sed

146 2021 233 2058 quia
260 2028 358 2057 prov.
380 2020 556 2052 '‘Sacerd.
575 2029 732 2060 gramm.
752 2020 793 2051 VI
810 2023 881 2058 446,
895 2024 914 2050 9
987 2020 1053 2051 sed
1073 2019 1159 2058 quia
1174 2043 1181 2050 .
1198 2043 1205 2050 .
1221 2043 1229 2050 .
1245 2016 1321 2058 (17)
1342 2018 1490 2057 ingenia

146 2067 252 2099 Aras.
265 2075 423 2106 gramm.
437 2067 494 2098 Vll
512 2071 582 2107 485,
596 2071 637 2099 29
714 2066 755 2098 18
776 2075 899 2099 eorum
917 2092 923 2098 .
940 2091 947 2099 .
964 2091 971 2099 .
987 2067 1137 2106 ingenia
1156 2066 1255 2098 Hier.
1271 2067 1349 2097 vita
1369 2065 1490 2097 Hilar.

143 2115 241 2154 prol.
262 2114 306 2153 cf.
332 2114 470 2153 Vopisc.
491 2115 601 2146 Prob.
621 2119 650 2153 1,
667 2119 695 2151 1,
717 2112 862 2152 (omnes
889 2115 1050 2146 omnium
1077 2114 1225 2146 virtutes
1251 2116 1369 2144 tantas
1395 2120 1489 2147 esse,

147 2164 303 2200 quantas
328 2162 442 2193 videri
469 2170 532 2193 eas
559 2162 737 2194 voluerint
757 2170 882 2193 eorum
903 2162 1063 2201 ingenia,
1091 2159 1169 2200 qui)
1243 2161 1305 2199 qui
1325 2159 1443 2191 fecere
1463 2158 1490 2190 P

147 2207 208 2247 (ea
236 2210 327 2248 post
352 2209 536 2241 adiectum
565 2207 727 2248 videtur)
747 2209 847 2241 Hier.
867 2209 959 2248 Any.
981 2209 1043 2247 qui
1069 2217 1114 2240 ea
1139 2208 1259 2240 fecere
1285 2208 1362 2239 rell.
1383 2207 1490 2238 codd.

220 2255 263 2287 19
288 2264 369 2287 eam
396 2255 452 2286 Fn
484 2256 583 2288 Hier.
604 2253 696 2296 Any.
724 2256 767 2295 cf.
785 2256 923 2296 Vopise.
945 2265 989 2288 ea
1012 2256 1093 2288 rell.
1112 2256 1220 2287 codd.
1317 2254 1361 2285 22
1388 2255 1490 2293 inge-

148 2303 246 2334 nium
264 2328 271 2334 .
287 2327 294 2335 .
310 2327 318 2334 .
334 2303 527 2334 exercebat
558 2303 651 2335 Non.
670 2313 707 2343 p.
727 2307 798 2342 322,
813 2307 853 2334 32
968 2303 1011 2334 23
1046 2306 1081 2334 et
1110 2311 1176 2334 sua
1201 2297 1288 2333 A²²C
1313 2301 1490 2340 suaque-l
