1593 2496
63 1368 117 1407 48

128 78 182 116 34
561 67 867 106 C.SALLUST1
893 66 1051 103 cmsm

128 183 303 233 publica
330 183 472 222 dicere
500 183 643 220 iussus
665 185 740 226 est,
768 179 928 225 omnia,
954 179 1015 218 uti
1042 184 1164 228 gesta
1186 185 1316 224 erant,
1343 179 1477 228 aperit

128 243 344 292 docetque
372 253 418 281 se
446 241 597 290 paucis
624 244 725 279 ante
751 239 907 278 diebus
934 249 959 277 a
987 237 1174 278 Gabinio
1204 244 1244 278 et
1266 237 1475 286 Caepario

129 303 296 342 socium
325 301 536 340 adscitum
562 298 668 338 nihil
689 298 877 347 amplius
899 298 1005 337 scire
1027 308 1159 346 quam
1180 296 1361 347 legatos,
1387 302 1476 336 tan-

129 361 357 401 tummodo
398 359 546 399 audire
588 358 763 398 solitum
812 368 864 396 ex
902 356 1090 396 Gabinio
1133 356 1176 396 P.
1205 356 1476 401 Autronium,

130 419 404 464 Ser.Sullam,
425 418 801 467 L.Vargunteiu1n,
821 415 982 456 multos
1003 420 1225 464 praeterea
1245 416 1288 454 in
1310 426 1362 455 ea
1377 426 1476 454 con-

132 480 344 519 iuratione
373 489 481 518 esse.
520 476 675 516 eadem
698 475 809 515 Galli
830 475 1014 515 fatentur
1034 486 1085 514 ac
1105 475 1333 514 Lentulum
1355 474 1477 513 dissi-

131 539 368 578 mulantem
402 540 642 586 coarguunt
668 540 834 584 praeter
860 535 1019 574 litteras
1046 534 1333 579 sermonibus
1366 545 1477 583 quos

131 598 201 637 ille
247 597 406 636 habere
446 595 599 636 solitus
639 599 744 634 erat:
790 605 842 633 ex
881 593 998 633 libris
1037 592 1258 643 Sibyllinis
1296 604 1477 642 regnum

130 657 296 696 Romae
322 656 456 695 tribus
479 653 687 694 Corneliis
710 652 926 702 portendi;
956 652 1138 692 Cinnam
1160 657 1292 702 atque
1313 651 1477 691 Sullam

131 722 270 761 antea,
307 726 353 755 se
389 716 558 754 tertium
596 724 704 758 esse,
741 713 844 762 quoi
881 712 1015 751 fatum
1047 711 1155 752 foret
1187 711 1302 751 urbis
1337 711 1478 760 potiri:

134 781 355 824 praeterea
388 774 443 813 ab
478 775 656 812 incenso
685 771 900 820 Capitolio
932 771 1051 810 illum
1081 783 1177 811 esse
1203 772 1479 821 vigesumum

132 846 308 880 annum,
344 845 474 882 quem
512 843 644 881 saepe
681 842 732 871 ex
770 831 979 882 prodigiis
1016 830 1268 880 haruspices
1305 840 1480 878 respon-

133 895 298 933 dissent
318 892 432 932 bello
457 892 568 931 civili
591 896 813 930 cruentum
836 890 937 931 fore.
967 890 1093 938 igitur
1108 889 1306 938 perlectis
1322 889 1480 933 litteris,

134 964 267 1002 quom
296 953 411 1001 prius
440 963 593 990 omnes
615 952 739 999 signa
761 961 839 989 sua
861 950 1183 999 cognovissent,
1212 953 1388 988 senatus
1409 947 1481 987 de-

136 1012 278 1057 cernit,
306 1012 365 1050 uti
393 1011 593 1050 abdicato
622 1010 873 1058 magistratu
901 1008 1107 1047 Lentulus
1134 1009 1326 1057 itemque
1353 1008 1480 1047 ceteri
1519 1013 1535 1038 ὅ

134 1073 174 1110 in
198 1071 341 1110 liberis
361 1070 568 1110 custodiis
585 1069 835 1109 habeantur.
862 1069 1009 1117 itaque
1024 1067 1230 1106 Lentulus
1247 1067 1288 1107 P.
1298 1066 1479 1106 Lentulo

135 1130 363 1180 Spintheri,
396 1130 470 1178 qui
497 1135 586 1168 tum
615 1127 767 1168 aedilis
795 1132 894 1172 erat,
923 1126 1140 1176 Cethegus
1168 1126 1217 1170 Q.
1240 1125 1481 1170 Cornificio,

135 1189 326 1229 Statilius
361 1187 403 1228 C.
427 1187 611 1234 Caesari,
646 1186 857 1227 Gabinius
884 1186 938 1226 M.
962 1185 1129 1231 Crasso,
1164 1185 1398 1234 Caeparius
1427 1204 1481 1209 -—

134 1261 234 1288 nam
264 1250 298 1287 is
327 1248 458 1297 paulo
487 1252 585 1286 ante
607 1258 658 1286 ex
680 1246 782 1295 fuga
803 1251 1006 1285 retractus
1034 1250 1122 1285 erat
1149 1265 1202 1269 -—
1233 1244 1305 1285 Cn.
1327 1244 1482 1283 Teren-

136 1310 193 1347 tio
223 1309 411 1347 senatori
439 1306 672 1345 traduntur.

189 1368 354 1406 Interea
367 1366 490 1415 plebs
505 1366 802 1405 coniuratione
813 1364 1038 1413 patefacta,
1053 1374 1166 1413 quae
1177 1365 1314 1412 primo
1325 1363 1483 1411 cupida

136 1438 274 1466 rerum
297 1437 508 1465 novarum
531 1425 658 1463 nimis
680 1424 794 1463 bello
817 1423 1001 1469 favebat,
1023 1427 1187 1461 mutata
1208 1426 1352 1462 mente
1374 1421 1483 1462 Cati-

136 1486 250 1535 linae
288 1485 468 1524 consilia
505 1484 703 1529 execrari,
740 1482 991 1522 Ciceronem
1026 1482 1080 1521 ad
1115 1482 1282 1521 caelum
1316 1481 1482 1522 tollere:

137 1545 269 1584 veluti
298 1555 349 1583 ex
377 1544 580 1583 servitute
608 1548 754 1591 erepta
780 1542 989 1591 gaudium
1017 1546 1147 1590 atque
1168 1540 1374 1580 laetitiam
1396 1541 1483 1590 agi-

1501 717 1533 742 10

1501 1308 1536 1334 20

136 1605 266 1643 tabat.
305 1614 496 1652 namque
524 1602 608 1641 alia
635 1601 735 1641 belli
764 1601 953 1641 facinora
981 1601 1169 1650 praedae
1191 1601 1330 1650 magis
1351 1611 1482 1649 quam
1503 1604 1538 1630 23

137 1664 394 1702 detrimento
423 1662 523 1707 fore,
551 1661 800 1700 incendium
828 1671 930 1700 vero
953 1659 1137 1705 crudele,
1164 1659 1482 1699 inmoderatum

138 1735 187 1762 ac
233 1722 314 1761 sibi
359 1733 563 1760 maxume
603 1721 903 1759 calamitosum
944 1719 1133 1768 putabat,
1179 1719 1341 1767 quippe
1381 1719 1483 1767 quoi

139 1793 292 1821 omnes
320 1782 474 1829 copiae
502 1781 542 1818 in
571 1791 651 1818 usu
680 1779 915 1819 cottidiano
945 1784 985 1817 et
1006 1777 1121 1817 cultu
1143 1778 1333 1826 corporis
1356 1782 1484 1816 erant.

199 1841 299 1880 Post
336 1852 433 1878 eum
473 1839 587 1878 diem
623 1838 800 1887 quidam
835 1837 877 1877 L.
904 1837 1162 1886 Tarquinius
1196 1836 1249 1875 ad
1284 1840 1483 1875 senatum

140 1900 354 1939 adductus
392 1904 490 1944 erat,
526 1909 656 1947 quem
693 1897 747 1936 ad
786 1896 1013 1937 Catilinam
1050 1896 1395 1944 proficiscentem
1433 1900 1521 1934 ex3

140 1960 289 1998 itinere
317 1963 542 1997 retractum
570 1957 754 1996 aiebant.
795 1957 830 1995 is
857 1968 990 2006 quom
1019 1966 1065 1994 se
1093 1955 1251 1994 diceret
1279 1954 1485 1994 indicatu-

140 2030 232 2057 rum
261 2017 314 2057 de
343 2017 651 2061 coniuratione,
679 2017 713 2055 si
741 2015 850 2054 fides
873 2014 1045 2064 publica
1067 2014 1167 2053 data
1189 2018 1314 2059 esset,
1341 2014 1486 2052 iussus

140 2089 164 2116 a
192 2076 371 2116 consule
399 2087 511 2125 quae
539 2076 663 2114 sciret
690 2074 870 2120 edicere,
897 2074 1051 2113 eadem
1080 2073 1165 2112 fere
1187 2084 1299 2122 quae
1320 2071 1486 2111 Voltur-

140 2137 231 2175 cius
259 2135 313 2174 de
341 2136 498 2184 paratis
527 2134 750 2180 incendiis,
778 2134 832 2173 de
854 2133 988 2172 caede
1008 2133 1236 2178 bonorum,
1263 2132 1317 2171 de
1338 2132 1486 2170 itinere

200 2229 219 2260 2
248 2229 374 2267 paucis
401 2232 485 2260 ante
513 2229 642 2260 diebus
670 2228 778 2259 Proh.
800 2228 886 2258 inst.
907 2225 1114 2265 ,qrammJV
1133 2229 1236 2263 1424
1312 2224 1354 2255 14
1380 2232 1486 2256 sena-

139 2281 196 2307 tus
219 2301 224 2307 .
242 2301 248 2307 .
266 2300 272 2307 .
294 2275 467 2307 Lentulus
501 2276 606 2306 Aras.
632 2284 790 2314 yramm.
810 2274 867 2305 Vll
884 2278 955 2311 451,
973 2277 990 2305 7
1090 2273 1131 2303 16
1165 2273 1366 2304 habeantur
1396 2270 1488 2302 XHt

141 2324 359 2354 haberentur
386 2322 516 2353 stm
547 2325 753 2353 tenerentur
779 2321 804 2352 F
