1593 2496
118 53 198 92 148
531 46 570 82 C.
591 46 835 83 SALLUSTI
863 46 1020 83 CRISPI

110 164 263 199 torum.
302 159 421 209 quod
449 159 624 208 quidem
653 158 863 198 scelerum
884 159 996 198 illius
1017 159 1086 198 vel
1108 170 1359 199 maxumum
1383 166 1459 206 est,

110 230 199 258 non
232 230 302 258 me
329 230 473 268 neque
501 229 766 267 quemquam
794 219 989 258 omnium
1017 219 1120 257 satis
1146 223 1284 258 tutum
1312 219 1460 266 fuisse,

110 278 146 317 si
172 283 284 317 recte
306 278 556 317 faceremus.
595 282 725 326 atque
747 277 829 323 illa,
856 288 969 327 quae
989 282 1078 317 tum
1101 278 1330 317 formidine
1350 290 1460 318 mer-

109 342 230 376 catus
262 349 371 382 sum,
405 337 540 385 pretio
575 336 718 376 soluto
746 337 847 383 iure,
880 337 1068 376 dominis
1095 341 1240 376 tamen
1268 338 1459 384 restituo,

108 407 252 445 neque
274 397 361 445 pati
384 395 611 435 consilium
634 401 698 435 est
719 395 850 434 ullam
873 407 923 435 ex
944 396 1110 435 civibus
1126 396 1331 445 praedam
1348 407 1455 437 esse.
1489 404 1509 431 5

50 460 94 491 19
109 456 211 494 satis
239 455 311 494 illa
338 455 502 500 luerint,
530 465 643 503 quae
670 455 787 494 rabie
815 460 1031 494 contracta
1051 455 1342 502 toleravimus,
1369 467 1459 495 ma-

108 526 190 553 nus
218 514 485 554 conserentis
513 514 619 553 inter
646 525 693 552 se
719 513 940 553 Romanos
969 515 1178 553 exercitus
1203 519 1243 554 et
1264 525 1382 554 arma
1400 515 1458 555 ab

109 574 293 613 externis
327 574 369 611 in
402 578 574 612 nosmet
605 584 744 612 vorsa.
784 573 993 612 scelerum
1027 578 1067 612 et
1098 573 1456 613 contumeliarum

108 633 303 672 omnium
325 632 423 671 finis
445 633 514 677 sit;
548 643 731 681 quorum
754 632 866 672 adeo
889 631 1051 671 Sullam
1073 644 1161 672 non
1184 634 1385 681 paenitet,
1412 639 1458 672 ut

108 697 148 731 et
181 692 292 731 facta
325 692 368 730 in
402 691 539 741 gloria
566 696 762 730 numeret
789 697 841 737 et,
873 692 908 730 si
935 691 1070 737 liceat,
1103 692 1274 731 avidius
1302 692 1455 732 fecerit.
1478 698 1513 726 ¹0

47 755 92 786 :³0
166 750 320 800 Neque
353 751 452 796 iam,
489 751 593 800 quid
627 751 894 790 existumetis
928 751 982 790 de
1015 750 1101 796 illo,
1135 751 1212 790 sed
1247 756 1455 800 quantum

106 810 316 856 audeatis,
342 821 506 855 vereor,
533 821 587 853 ne
615 810 724 848 alius
752 809 884 848 aliurn
912 810 1149 859 principem
1179 815 1455 859 expectantes

105 874 205 908 ante
239 870 483 918 capiamini,
520 880 608 908 non
643 869 800 918 opibus
835 870 939 915 eius,
973 880 1086 918 quae
1119 869 1260 908 futiles
1294 874 1335 909 et
1367 881 1454 909 cor-

105 933 255 978 ruptae
277 933 387 974 sunt,
408 928 484 968 sed
506 934 652 967 vostra
672 928 883 974 socordia,
906 924 1070 977 qua[m]
1093 934 1261 977 raptum
1278 929 1336 968 ire
1357 929 1456 968 licet

44 991 84 1023 21
105 992 155 1033 et,
190 999 321 1037 quam
355 987 531 1033 audeas,
564 992 651 1026 tam
684 987 821 1026 videri
848 987 1028 1026 felicem.
1067 998 1168 1026 nam
1197 993 1362 1036 praeter
1389 999 1453 1027 sa·
1477 994 1513 1021 15

104 1047 258 1086 tellites
286 1046 612 1086 conmaculatos
637 1047 733 1095 quis
755 1046 909 1086 eadem
930 1046 1020 1085 volt
1041 1051 1114 1085 aut
1136 1048 1231 1095 quis
1253 1058 1341 1086 non
1364 1058 1454 1086 orn-

106 1107 178 1145 nia
208 1111 372 1145 mutata
399 1112 565 1155 praeter
590 1107 844 1145 victoriam?
882 1105 1042 1145 scilicet
1069 1105 1237 1151 milites,
1270 1117 1451 1155 quorum

102 1166 317 1215 sanguine
329 1165 512 1204 Tarulae
528 1164 765 1214 Scirtoque,
787 1165 1002 1214 pessumis
1020 1175 1255 1210 servorum,
1277 1165 1453 1205 divitiae

103 1230 250 1273 partae
271 1227 385 1265 sunt!
406 1235 459 1263 an
477 1225 634 1274 quibus
650 1224 866 1273 praelatus
883 1224 925 1262 in
940 1224 1261 1273 magistratibus
1277 1225 1453 1273 capiun-

102 1284 168 1323 dis
196 1284 401 1330 Fufidius,
434 1283 590 1323 ancilla
616 1284 762 1332 turpis,
793 1283 1007 1322 honorum
1037 1284 1232 1322 omnium
1261 1283 1451 1323 dehone-
1472 1289 1510 1317 2⁰

42 1347 86 1378 22
102 1344 393 1382 stamentum?
414 1344 559 1392 itaque
581 1353 829 1381 maxumam
852 1342 956 1381 mihi
976 1342 1179 1381 fiduciam
1196 1343 1303 1391 parit
1318 1343 1455 1382 victor

101 1403 324 1448 exercitus,
358 1403 462 1452 quoi
496 1413 570 1451 per
596 1407 657 1441 tot
683 1402 862 1441 volnera
889 1406 929 1441 et
956 1401 1126 1441 labores
1153 1401 1259 1440 nihil
1287 1406 1453 1450 praeter

41 1466 85 1497 23
100 1465 328 1511 tyrannum
357 1462 601 1510 quaesitum
631 1466 705 1500 est.
741 1462 823 1500 nisi
845 1461 950 1500 forte
971 1461 1241 1499 tribuniciam
1265 1465 1451 1509 potesta-

99 1525 187 1560 tem
216 1531 418 1560 evorsum
447 1520 622 1569 profecti
651 1525 760 1565 sunt,
788 1531 863 1569 per
889 1531 1008 1558 arma
1031 1519 1249 1559 conditam
1271 1530 1296 1558 a
1318 1521 1451 1559 maio-

100 1580 216 1618 ribus
250 1580 352 1625 suis,
384 1580 533 1628 utique
561 1580 652 1618 iura
679 1584 717 1618 et
746 1579 904 1618 iudicia
931 1579 1102 1618 sibimet
1130 1583 1448 1628 extorquerent:
1468 1583 1505 1612 25

101 1639 276 1688 egregia
312 1639 472 1678 scilicet
507 1638 718 1684 mercede,
754 1650 886 1687 quom
923 1638 1098 1687 relegati
1129 1638 1171 1676 in
1200 1638 1381 1686 paludes
1409 1643 1451 1677 et

100 1698 232 1737 silvas
254 1698 563 1737 contumeliam
579 1703 711 1747 atque
726 1697 933 1736 invidiam
950 1708 1086 1742 suam,
1107 1698 1299 1745 praemia
1314 1708 1450 1746 penes

100 1768 264 1806 paucos
299 1757 607 1807 intellegerent.
647 1768 780 1806 quare
814 1757 939 1806 igitur
970 1761 1089 1796 tanto
1117 1756 1291 1805 agmine
1318 1761 1451 1805 atque

39 1821 84 1852 24
99 1817 255 1855 animis
289 1816 476 1855 incedit?
507 1817 608 1865 quia
635 1816 855 1855 secundae
882 1827 948 1855 res
975 1816 1080 1854 mire
1106 1819 1205 1853 sunt
1231 1815 1345 1854 vitiis
1373 1815 1449 1854 ob-

98 1876 245 1920 tentui,
273 1876 430 1924 quibus
458 1875 691 1921 labefactis,
714 1886 844 1924 quam
867 1874 1119 1914 formidatus
1142 1878 1216 1919 est,
1237 1878 1324 1912 tam
1347 1885 1446 1913 con-
1465 1879 1503 1908 ³⁰

97 1938 327 1980 temnetur;
363 1936 444 1973 nisi
483 1935 590 1974 forte
623 1935 768 1983 specie
801 1934 1059 1973 concordiae
1092 1933 1296 1981 ‹et-pacis,
1333 1944 1447 1982 quae

98 1993 247 2033 sceleri
281 1999 321 2032 et
355 1993 581 2042 parricidio
615 2005 695 2033 suo
729 1994 908 2032 nomina
941 1992 1104 2031 indidit.
1149 2003 1292 2041 neque
1326 1992 1447 2031 aliter

155 2110 177 2141 9
210 2113 247 2141 ut
267 2133 275 2142 .
297 2134 305 2142 .
326 2133 334 2142 .
356 2110 479 2142 fecerit
510 2110 631 2142 Diem.
657 2119 814 2150 yramm.
841 2109 858 2140 Ι
878 2113 950 2148 412,
964 2112 1005 2140 20
1105 2108 1146 2139 14
1179 2117 1273 2140 corr.
1293 2109 1446 2148 Madvig]

156 2158 206 2189 ire
231 2157 384 2197 Madviy
411 2158 451 2188 iri
477 2157 509 2189 V
585 2157 626 2188 17
654 2167 702 2189 αη
724 2158 895 2189 victorem
919 2165 997 2188 cum
1019 2155 1162 2187 Kritzio
1183 2154 1446 2188 scribendum?

156 2204 200 2236 26
234 2205 383 2243 relegati
411 2205 445 2235 in
474 2205 627 2243 paludes
653 2204 760 2236 Aras.
780 2213 936 2244 yramm.
956 2203 1014 2235 Vll
1030 2206 1101 2240 505,
1116 2207 1136 2234 9
1209 2202 1254 2234 29
1282 2204 1367 2241 quia
1387 2225 1395 2235 .
1410 2226 1419 2235 .
1433 2225 1442 2235 .

97 2252 263 2284 obtentui
283 2251 365 2283 Sen.
382 2254 499 2283 contr.
514 2256 544 2289 9,
562 2256 589 2283 1.
606 2255 645 2283 13
658 2252 795 2291 Pol-ph.
810 2251 899 2283 Hor.
915 2252 1020 2290 epist.
1038 2254 1065 2288 1,
1084 2253 1130 2289 18,
1144 2253 1186 2281 29
1235 2257 1293 2282 res
1314 2258 1443 2281 secun-

95 2300 164 2331 dae
191 2299 272 2331 Son.
