1593 2496
369 61 576 97 BELLUM
604 60 968 97 IUGURTHINUM
997 65 1136 96 44—4?
1366 68 1416 107 91

72 175 249 224 accepit,
270 173 398 214 simul
420 174 474 213 de
497 174 745 213 innocentia
767 174 859 212 eius
881 174 1034 213 certior
1055 170 1252 222 Roma[e]
1274 174 1423 221 iactus,

72 233 268 273 diffidere
301 234 390 273 suis
421 233 548 272 rebus
576 243 626 272 ac
653 237 742 272 tum
771 233 947 272 demum
975 243 1123 272 veram
1153 233 1420 273 deditionem

72 293 211 333 facere
232 297 413 333 conatus
435 297 510 332 est.
539 292 665 342 igitur
686 292 854 342 legatos
875 292 930 330 ad
953 292 1178 332 consulem
1201 303 1298 331 cum
1320 304 1420 342 sup-
1448 298 1468 328 2

72 352 210 402 pliciis
238 353 374 398 mittit,
402 353 475 402 qui
502 351 805 391 tantummodo
835 352 915 400 ipsi
938 351 1172 401 liberisque
1192 352 1325 390 vitam
1349 363 1421 401 pe-

28 422 46 448 5
72 415 219 457 terent,
251 411 336 450 alia
369 412 516 451 omnia
549 411 757 450 dederent
784 410 949 460 populo
978 410 1188 451 Romano.
1227 411 1304 450 sed
1333 411 1421 451 Me·
1449 416 1468 447 3

72 471 173 510 tello
202 471 287 510 iarn
316 475 444 510 antea
472 471 777 520 experimentis
805 471 1029 520 cognitum
1057 474 1146 510 erat
1173 481 1312 520 genus
1334 470 1421 510 Nu-

71 530 284 569 midarum
314 530 507 577 infidum,
535 530 711 579 ingenio
740 529 902 575 mobili,
930 540 1142 569 novarum
1170 541 1309 569 rerum
1332 531 1420 570 avi-

71 589 175 628 dum
204 600 312 630 esse.
346 591 491 639 itaque
520 590 688 639 legatos
710 589 842 628 alium
865 589 919 628 ab
942 589 1027 628 alio
1050 589 1250 629 divorsos
1272 601 1421 639 aggre-
1449 597 1469 627 4

71 649 183 688 ditur
204 660 254 688 ac
275 649 482 698 paulatim
504 648 773 698 temptando,
795 653 1029 698 postquam
1051 653 1322 697 opportunos
1338 649 1421 689 sibi

18 718 51 745 10
71 709 289 758 cognovit,
311 708 444 748 multa
463 708 711 758 pollicendo
728 708 970 757 persuadet,
992 709 1051 747 uti
1066 707 1423 760 Iugurthamjma-

70 778 201 807 xume
227 769 388 814 vivom,
415 769 480 807 sin
509 768 551 807 id
580 779 731 817 parum
760 767 976 816 procedat,
1004 772 1205 807 necatum
1233 768 1314 807 sibi
1342 773 1422 807 tra-

71 827 232 866 derent.
273 832 460 866 ceterum
496 827 640 876 palam
674 838 787 876 quae
822 838 873 866 ex
906 827 1132 866 voluntate
1165 826 1303 867 forent
1330 828 1420 878 regi

70 887 255 925 nuntiari
284 887 412 927 iubet.
447 887 606 926 deinde
634 887 727 935 ipse
749 887 898 935 paucis
927 886 1082 926 diebus
1103 887 1267 926 intento
1290 892 1421 936 atque
1448 894 1467 924 5

70 945 225 986 infesto
254 947 441 985 exercitu
468 948 510 985 in
532 945 782 985 Numidiam
811 946 1016 994 procedit,
1044 946 1117 985 ubi
1145 951 1293 986 contra
1319 946 1420 986 belli

19 1014 50 1041 15
71 1004 223 1044 faciem
257 1006 427 1055 tuguria
458 1005 587 1054 plena
614 1005 854 1050 hominum,
889 1016 1047 1054 pecora
1074 1005 1349 1055 cultoresque
1377 1007 1419 1045 in

70 1066 184 1113 agris
206 1069 336 1104 erant.
364 1076 415 1104 ex
438 1065 612 1114 oppidis
634 1069 675 1103 et
693 1064 938 1113 mapalibus
955 1064 1156 1114 praefecti
1173 1066 1285 1115 regis
1301 1065 1421 1105 obvii
1465 1095 1469 1101 .

70 1123 365 1171 procedebant
398 1125 532 1173 parati
567 1124 829 1163 frumentum
857 1124 971 1169 dare,
1005 1129 1296 1164 commeatum
1326 1136 1420 1174 por-

71 1186 172 1229 tare,
200 1187 421 1232 postremo
450 1184 598 1223 omnia
625 1194 738 1232 quae
766 1184 1075 1232 imperarentur
1096 1183 1247 1223 facere.
1275 1195 1419 1233 neque
1446 1191 1466 1222 6

70 1241 269 1281 Metellus
291 1242 448 1282 idcirco
470 1244 627 1288 minus,
647 1243 724 1281 sed
747 1244 902 1291 pariter
921 1253 972 1281 ac
993 1244 1028 1282 si
1050 1243 1198 1282 hostes
1213 1243 1419 1283 adessent

14 1311 50 1339 20
70 1302 237 1341 munito
264 1302 439 1351 agmine
467 1302 678 1347 incedere,
705 1301 790 1341 late
817 1301 1040 1351 explorare
1068 1303 1226 1348 omnia,
1254 1302 1325 1341 illa
1347 1303 1419 1343 de-

70 1360 247 1400 ditionis
281 1362 406 1410 signa
433 1362 621 1400 ostentui
649 1361 821 1400 credere
850 1366 890 1400 et
917 1361 1084 1400 insidiis
1111 1361 1255 1401 locum
1283 1366 1419 1411 temp-

70 1421 158 1459 tari.
195 1420 340 1469 itaque
368 1421 461 1469 ipse
489 1431 586 1459 cum
615 1420 826 1469 expeditis
855 1420 1117 1467 cohortibus,
1150 1422 1251 1460 item
1280 1421 1419 1461 fundi·
1446 1428 1465 1459 7

69 1483 209 1518 torum
238 1483 279 1518 et
306 1480 621 1528 sagittariorum
650 1479 816 1518 delecta
841 1491 973 1519 manu
993 1480 1111 1529 apud
1133 1481 1296 1529 primos
1319 1485 1418 1527 erat,

70 1539 113 1576 in
147 1542 367 1587 postremo
396 1537 439 1578 C.
467 1538 626 1578 Marius
661 1538 828 1588 legatus
857 1550 954 1578 cum
983 1539 1201 1589 equitibus
1230 1540 1418 1586 curabat,

15 1607 50 1634 25
69 1598 112 1636 in
140 1602 370 1646 utrumque
397 1597 508 1637 latus
532 1598 779 1637 auxiliarios
802 1599 969 1648 equites
991 1599 1171 1638 tribunis
1193 1599 1417 1648 legionum

70 1661 111 1695 et
132 1656 357 1705 praefectis
380 1657 621 1696 cohortium
643 1657 952 1706 dispertiverat,
974 1663 1019 1697 ut
1040 1669 1137 1697 cum
1154 1659 1204 1697 iis
1220 1660 1416 1707 permixti

67 1715 233 1762 velites,
260 1727 540 1765 quocumque
566 1716 837 1762 adcederent,
866 1718 1082 1766 equitatus
1110 1718 1299 1757 hostium
1322 1729 1417 1767 pro-

70 1775 300 1824 pulsarent.
339 1786 440 1814 nam
474 1777 516 1814 in
549 1775 751 1825 Iugurtha
783 1780 926 1815 tantus
955 1776 1082 1816 dolus
1109 1781 1316 1826 tantaque
1343 1789 1415 1826 pe·
1442 1784 1462 1814 8

70 1835 163 1873 ritia
195 1834 389 1874 locorum
424 1839 464 1874 et
497 1834 675 1874 militiae
708 1839 807 1881 erat,
840 1840 896 1881 ut,
929 1836 1089 1875 absens
1116 1847 1170 1875 an
1193 1847 1414 1885 praesens,

15 1903 50 1929 3ο
71 1904 223 1941 pacem
256 1904 311 1932 an
346 1894 508 1933 bellum
537 1905 692 1944 gerens
719 1895 999 1943 perniciosior
1027 1900 1151 1941 esset,
1180 1897 1222 1934 in
1251 1897 1412 1936 incerto

70 1952 309 1993 haberetur.

129 2011 224 2050 Erat
258 2011 374 2051 haud
408 2012 539 2062 longe
567 2013 621 2052 ab
650 2025 702 2053 eo
730 2014 891 2060 itinere,
924 2025 1012 2063 quo
1040 2012 1239 2053 Metellus
1268 2023 1485 2064 perge-47

132 2128 146 2160 1
189 2128 305 2160 Roma
345 2129 484 2161 Fronto
594 2129 635 2162 13
675 2131 830 2161 nuntiari
863 2130 1109 2162 ACBNKsn
1144 2131 1311 2162 nuntiare
1336 2132 1415 2163 rels'.

129 2176 173 2208 22
195 2176 274 2215 ipse
287 2199 295 2208 .
310 2199 318 2209 .
334 2199 344 2208 .
357 2179 432 2207 erat
451 2176 546 2209 Non.
564 2187 602 2217 p.
616 2180 688 2214 553,
705 2181 743 2208 12
792 2176 891 2215 item]
907 2178 1040 2210 dehinc
1054 2177 1146 2210 Non.
1200 2178 1243 2210 26
1265 2186 1349 2210 cum
1362 2202 1370 2211 .
1387 2203 1394 2210 .
1407 2204 1415 2210 .

68 2224 197 2256 velites
221 2223 314 2254 Non.
335 2233 372 2263 ρ.
393 2227 465 2263 552,
478 2228 519 2256 27
591 2223 686 2262 cum]
715 2233 871 2263 cumque
896 2225 991 2257 Non.
1070 2225 1115 2256 29
1142 2234 1189 2257 an
1215 2225 1297 2257 Xln
1324 2229 1359 2257 et
1385 2225 1415 2257 K

68 2274 130 2302 aut
156 2279 173 2302 s
199 2270 256 2302 vel
284 2272 361 2302 rell.
447 2271 492 2303 30
519 2272 553 2302 in
582 2273 718 2303 incerto
745 2267 966 2303 KT²F²sm¹
993 2273 1130 2305 incerto
1151 2268 1336 2305 XNlnm2
1360 2274 1415 2304 in-

68 2320 203 2350 certum
229 2313 310 2350 ΗΓ

1156 2380 1200 2400 7*
