1593 2496
147 85 203 124 88
584 79 623 116 C.
645 80 889 117 SALLUSTI
916 80 1074 117 CRISPI

98 194 122 225 ’8
152 193 383 242 ripiebant:
412 193 573 232 interea
601 197 801 241 parentes
828 197 902 232 aut
929 194 1048 242 parvi
1073 193 1194 234 liberi
1214 194 1410 240 militum,
1438 197 1496 235 uti

97 259 123 290 9
150 253 336 302 quisque
358 252 589 301 potentiori
611 252 794 291 confinis
817 257 916 298 erat,
937 253 1115 292 sedibus
1130 253 1413 302 pellebantur.
1439 255 1496 294 ita

147 323 246 350 cum
268 313 463 361 potentia
484 311 664 350 avaritia
683 312 777 351 sine
798 311 932 352 modo
954 312 1259 362 modestiaque
1279 314 1496 359 invadere,

147 371 342 420 polluere
369 376 410 410 et
429 374 600 410 vastare
628 371 786 416 omnia,
813 370 919 410 nihil
947 372 1071 420 pensi
1099 382 1242 421 neque
1265 373 1402 412 sancti
1423 373 1496 412 ha-

83 437 127 468 10
146 430 259 476 bere,
287 430 432 480 quoad
461 434 599 469 semet
625 430 721 478 ipsa
748 430 1057 479 praecipitavit.
1090 442 1191 470 nam
1213 432 1287 471 ubi
1309 433 1493 481 primum
1526 442 1544 468 5

147 501 197 528 ex
220 489 446 529 nobilitate
468 489 621 538 reperti
637 493 747 535 sunt,
769 490 842 538 qui
857 500 1005 528 veram
1021 489 1203 539 gloriam
1219 491 1403 530 iniustae
1419 503 1494 541 po-

146 550 306 588 tentiae
333 552 659 598 anteponerent,
686 550 852 588 moveri
880 549 1030 588 civitas
1059 553 1099 588 et
1120 549 1335 589 dissensio
1357 550 1492 589 civilis

75 609 270 657 42quasi
307 608 535 657 permixtio
564 612 699 647 terrae
727 609 823 647 oriri
851 609 1006 657 coepit.
1044 620 1145 647 nam
1174 613 1406 658 postquam
1433 609 1493 649 Ti.

90 1266 114 1298 (a)

145 674 186 707 et
203 667 245 707 C.
262 666 484 712 Gracchus,
506 678 691 716 quorum
713 668 900 707 maiores
915 667 1078 707 Punico
1100 672 1231 717 atque
1252 668 1346 708 aliis
1368 668 1492 708 bellis

142 727 327 766 multum
350 727 408 766 rei
431 726 632 775 publicae
653 726 920 772 addiderant,
946 727 1167 766 vindicare
1189 727 1362 776 plebem
1384 729 1426 767 in
1447 727 1493 767 li-
1516 737 1548 764 io

141 788 352 826 Ibertatem
379 791 419 825 et
441 797 678 835 paucorum
700 785 862 825 scelera
884 786 1127 835 patefacere
1149 797 1344 835 coepere,
1371 787 1493 827 nobi-

146 847 241 885 litas
262 847 392 886 noxia
413 850 545 894 atque
567 856 619 884 eo
642 845 839 894 perculsa
861 845 994 885 modo
1017 857 1092 894 per
1107 847 1251 885 socios
1266 857 1316 885 ac
1331 857 1491 886 nornen

143 905 355 950 Latinum,
382 905 598 944 interdum
626 916 701 953 per
721 905 888 953 equites
909 903 1143 950 Romanos,
1171 916 1282 955 quos
1303 916 1403 954 spes
1424 917 1492 946 so-

144 966 308 1004 cietatis
337 975 361 1004 a
389 964 516 1014 plebe
545 964 798 1010 dimoverat,
829 963 1117 1003 Gracchorum
1145 964 1389 1004 actionibus
1417 964 1491 1004 ob-

143 1025 258 1063 viam
288 1024 408 1069 ierat;
437 1029 478 1063 et
503 1024 640 1072 primo
662 1022 894 1068 Tiberium,
922 1023 1021 1062 dein
1044 1034 1209 1072 paucos
1231 1028 1330 1073 post
1350 1035 1490 1063 annos
1514 1033 1545 1059 15

144 1084 299 1123 eadem
322 1083 637 1133 ingredientem
660 1081 830 1128 Gaium,
857 1082 1076 1121 tribunum
1097 1082 1290 1128 alterum,
1312 1083 1492 1122 alterum

143 1143 411 1182 triumvirum
440 1142 622 1182 coloniis
650 1141 937 1187 deducundis,
965 1153 1062 1180 curn
1086 1141 1142 1182 M.
1163 1141 1315 1182 Fulvio
1337 1141 1490 1182 Flacco

143 1202 251 1241 forro
273 1206 514 1241 necaverat.
543 1206 583 1241 et
598 1212 704 1240 sane
720 1199 920 1240 Gracchis
936 1200 1139 1250 cupidine
1153 1202 1358 1240 victoriae
1373 1202 1490 1241 haud

143 1263 246 1300 satis
274 1261 523 1301 moderatus
552 1261 723 1299 animus
750 1260 838 1300 fuit.
871 1259 948 1299 sed
977 1260 1096 1300 bono
1122 1261 1238 1299 vinci
1265 1261 1399 1299 satius
1426 1266 1491 1300 est

144 1332 274 1370 quam
297 1320 412 1360 malo
436 1331 555 1360 more
578 1321 775 1359 iniuriam
790 1320 975 1359 vincere.
1002 1320 1130 1369 igitur
1151 1330 1203 1358 ea
1216 1320 1395 1359 victoria
1415 1331 1491 1359 no·
1511 1328 1545 1355 20

143 1379 285 1419 bilitas
307 1391 357 1419 ex
379 1380 574 1419 lubidine
596 1390 675 1418 sua
695 1390 772 1417 usa
795 1379 954 1419 multos
970 1378 1161 1419 mortalis
1177 1378 1285 1418 ferro
1301 1382 1375 1418 aut
1388 1378 1490 1428 iuga

143 1440 320 1478 extinxit
342 1439 528 1488 plusque
550 1440 590 1477 in
613 1438 825 1488 reliquom
846 1438 927 1478 sibi
942 1439 1108 1478 timoris
1122 1449 1253 1487 quam
1270 1439 1488 1487 potentiae

141 1499 319 1538 addidit.
359 1509 471 1547 quae
508 1509 574 1537 res
607 1498 862 1546 plerumque
890 1509 1073 1547 magnas
1101 1498 1283 1536 civitatis
1311 1508 1488 1546 pessum

142 1558 272 1604 dedit,
300 1557 404 1597 dum
433 1557 551 1596 alteri
578 1557 736 1596 alteros
757 1557 930 1596 vincere
955 1557 1112 1606 quovis
1133 1557 1267 1596 modo
1289 1561 1331 1595 et
1350 1557 1488 1596 victos

143 1617 340 1657 acerbius
362 1616 508 1656 ulcisci
530 1616 694 1656 volunt.
727 1616 804 1655 sed
827 1617 881 1655 de
903 1616 1056 1655 studiis
1080 1617 1262 1665 partium
1284 1620 1326 1655 et
1346 1616 1488 1655 omnis
1509 1624 1543 1650 25

142 1678 326 1716 civitatis
354 1676 547 1716 moribus
574 1676 609 1714 si
630 1675 880 1724 singillatim
903 1679 976 1714 aut
997 1686 1072 1724 pro
1095 1674 1394 1724 magnitudine
1416 1686 1489 1723 pa-

143 1747 229 1775 rem
264 1736 486 1781 disserere,
519 1740 692 1784 tempus
725 1746 855 1784 quam
885 1746 950 1774 res
977 1735 1184 1774 maturius
1211 1745 1281 1773 me
1308 1734 1488 1773 deseret.

142 1806 273 1844 quam
301 1795 358 1835 ob
386 1806 474 1834 rein
502 1795 557 1833 ad
585 1795 803 1843 inceptum
833 1793 974 1833 redeo.

64 1849 129 1888 43
201 1854 302 1894 Post
328 1854 427 1893 Auli
461 1854 616 1894 foedus
651 1854 950 1902 exercitusque
977 1853 1111 1892 nostri
1137 1852 1311 1892 foedam
1338 1852 1486 1901 fugam

141 1913 342 1952 Metellus
370 1918 411 1953 et
435 1913 608 1953 Silanus
636 1912 839 1953 consules
867 1912 1081 1961 designati
1108 1912 1354 1960 provincias
1381 1911 1488 1950 inter
1506 1919 1541 1946 30

141 1984 188 2012 se
216 1973 488 2021 partiverant,
516 1972 782 2022 Metelloque
808 1971 1015 2010 Numidia
1042 1974 1257 2016 evenerat,
1283 1971 1368 2009 acri
1392 1970 1486 2010 viro

200 2054 220 2084 5
243 2054 365 2092 quoad
379 2079 386 2086 .
404 2079 411 2086 .
428 2079 435 2086 .
452 2054 703 2093 praecipitavit
725 2053 829 2085 Aras.
851 2062 1005 2093 yramm.
1027 2052 1084 2084 VII
1100 2055 1172 2090 505,
1187 2056 1206 2083 2
1256 2052 1336 2090 ipsa
1355 2047 1485 2083 AN¹m

139 2101 244 2133 Aras.
267 2101 384 2139 ipsam
421 2102 498 2133 rell.
520 2102 625 2133 codd.
725 2100 746 2132 8
776 2101 966 2139 permixtio
994 2108 1042 2131 sn
1060 2095 1101 2140 -Ι·-
1117 2109 1163 2131 m.
1183 2104 1203 2131 2
1222 2098 1485 2131 PABKMTD

140 2148 382 2186 permixtione
408 2150 484 2180 rell.
575 2148 618 2180 16
644 2148 792 2180 alterum
821 2149 877 2180 bis
897 2157 920 2179 n
940 2148 1053 2179 semel
1073 2148 1148 2178 rell.
1227 2146 1269 2178 18
1295 2148 1487 2178 necaverat

137 2195 256 2227 XKls
284 2200 504 2227 necaverant
531 2192 693 2227 A¹Ynm
792 2195 836 2226 25
864 2196 983 2227 omnis
1008 2194 1058 2226 Xl
1087 2195 1257 2225 omnibus
1284 2188 1485 2225 P²A²Yns

199 2242 245 2275 30
263 2244 469 2281 provincias
485 2268 492 2275 .
510 2268 516 2275 .
533 2268 540 2275 .
557 2243 774 2282 partiverant
788 2242 885 2275 Serv.
903 2242 987 2274 Aen.
1005 2247 1032 2280 1,
1048 2246 1107 2273 194
1123 2241 1274 2274 Cledon.
1287 2249 1444 2280 yramm.
1463 2239 1489 2271 V

134 2294 189 2328 59,
206 2293 244 2321 13
264 2289 414 2330 *Ροιημ
435 2300 592 2331 yramm.
611 2291 637 2322 V
653 2293 776 2328 233,32
849 2291 888 2322 31
915 2290 984 2321 acri
1002 2314 1009 2321 .
1025 2315 1031 2321 .
1049 2314 1055 2320 .
1072 2289 1197 2328 populi
1214 2289 1484 2326 A1·118.q1·ssmm·

143 2336 200 2368 Vl!
225 2341 350 2375 451,14
