<?xml version="1.0" encoding="UTF-8"?>
<!DOCTYPE html PUBLIC "-//W3C//DTD XHTML 1.0 Transitional//EN"
    "http://www.w3.org/TR/xhtml1/DTD/xhtml1-transitional.dtd">
<html xmlns="http://www.w3.org/1999/xhtml" xml:lang="en" lang="en">
 <head>
  <title>
</title>
<meta http-equiv="Content-Type" content="text/html;charset=utf-8" />
  <meta name='ocr-system' content='tesseract 3.04.00' />
  <meta name='ocr-capabilities' content='ocr_page ocr_carea ocr_par ocr_line ocrx_word'/>
</head>
<body>
  <div class='ocr_page' id='page_1' title='image "./catilinaiugurtha00salluoft_0108.png"; bbox 0 0 1593 2496; ppageno 0'>
   <div class='ocr_carea' id='block_1_1' title="bbox 125 44 1036 93">
    <p class='ocr_par' dir='ltr' id='par_1_1' title="bbox 125 44 1036 93">
     <span class='ocr_line' id='line_1_1' title="bbox 125 44 1036 93; baseline -0.005 -8"><span class='ocrx_word' id='word_1_1' title='bbox 125 55 181 93; x_wconf 83' lang='lat'>96</span> <span class='ocrx_word' id='word_1_2' title='bbox 547 45 587 83; x_wconf 91' lang='lat' dir='ltr'>C.</span> <span class='ocrx_word' id='word_1_3' title='bbox 607 45 850 83; x_wconf 88' lang='lat' dir='ltr'><strong>SALLUSTI</strong></span> <span class='ocrx_word' id='word_1_4' title='bbox 878 44 1036 82; x_wconf 89' lang='lat' dir='ltr'>CRISPI</span> 
     </span>
    </p>
   </div>
   <div class='ocr_carea' id='block_1_2' title="bbox 59 157 1536 2105">
    <p class='ocr_par' dir='ltr' id='par_1_2' title="bbox 77 157 1519 504">
     <span class='ocr_line' id='line_1_2' title="bbox 77 157 1474 208; baseline -0.001 -11"><span class='ocrx_word' id='word_1_5' title='bbox 77 166 97 197; x_wconf 89' lang='lat'><strong>5</strong></span> <span class='ocrx_word' id='word_1_6' title='bbox 184 160 350 200; x_wconf 82' lang='lat' dir='ltr'>Interea</span> <span class='ocrx_word' id='word_1_7' title='bbox 376 159 603 206; x_wconf 84' lang='lat' dir='ltr'>Bomilcar,</span> <span class='ocrx_word' id='word_1_8' title='bbox 630 170 761 208; x_wconf 90' lang='lat' dir='ltr'>quern</span> <span class='ocrx_word' id='word_1_9' title='bbox 790 157 1032 207; x_wconf 90' lang='lat' dir='ltr'>elephantis</span> <span class='ocrx_word' id='word_1_10' title='bbox 1059 162 1100 197; x_wconf 90' lang='lat' dir='ltr'>et</span> <span class='ocrx_word' id='word_1_11' title='bbox 1121 158 1229 207; x_wconf 90' lang='lat' dir='ltr'>parti</span> <span class='ocrx_word' id='word_1_12' title='bbox 1251 157 1474 206; x_wconf 88' lang='lat' dir='ltr'>copiarum</span> 
     </span>
     <span class='ocr_line' id='line_1_3' title="bbox 125 216 1475 269; baseline -0.004 -9"><span class='ocrx_word' id='word_1_13' title='bbox 125 220 391 269; x_wconf 81' lang='lat' dir='ltr'>pedestrium</span> <span class='ocrx_word' id='word_1_14' title='bbox 419 218 684 268; x_wconf 77' lang='lat' dir='ltr'>praefectum</span> <span class='ocrx_word' id='word_1_15' title='bbox 711 218 766 257; x_wconf 88' lang='lat' dir='ltr'>ab</span> <span class='ocrx_word' id='word_1_16' title='bbox 793 217 998 267; x_wconf 81' lang='lat' dir='ltr'>Iugurtha</span> <span class='ocrx_word' id='word_1_17' title='bbox 1017 228 1147 266; x_wconf 90' lang='lat' dir='ltr'>supra</span> <span class='ocrx_word' id='word_1_18' title='bbox 1174 217 1374 263; x_wconf 86' lang='lat' dir='ltr'>diximus,</span> <span class='ocrx_word' id='word_1_19' title='bbox 1399 216 1475 256; x_wconf 87' lang='lat' dir='ltr'>ubi</span> 
     </span>
     <span class='ocr_line' id='line_1_4' title="bbox 126 276 1474 328; baseline -0.001 -10"><span class='ocrx_word' id='word_1_20' title='bbox 126 290 225 318; x_wconf 92' lang='lat' dir='ltr'>eum</span> <span class='ocrx_word' id='word_1_21' title='bbox 235 278 418 318; x_wconf 91' lang='lat' dir='ltr'>Rutilius</span> <span class='ocrx_word' id='word_1_22' title='bbox 431 282 775 328; x_wconf 79' lang='lat' dir='ltr'>praetergressus</span> <span class='ocrx_word' id='word_1_23' title='bbox 791 282 867 322; x_wconf 91' lang='lat' dir='ltr'>est,</span> <span class='ocrx_word' id='word_1_24' title='bbox 883 276 1091 325; x_wconf 90' lang='lat' dir='ltr'>paulatim</span> <span class='ocrx_word' id='word_1_25' title='bbox 1107 287 1210 316; x_wconf 92' lang='lat' dir='ltr'>suos</span> <span class='ocrx_word' id='word_1_26' title='bbox 1226 276 1267 315; x_wconf 92' lang='lat' dir='ltr'>in</span> <span class='ocrx_word' id='word_1_27' title='bbox 1283 286 1474 325; x_wconf 88' lang='lat' dir='ltr'>aequom</span> 
     </span>
     <span class='ocr_line' id='line_1_5' title="bbox 124 335 1476 386; baseline -0.004 -8"><span class='ocrx_word' id='word_1_28' title='bbox 124 338 269 378; x_wconf 91' lang='lat' dir='ltr'>locum</span> <span class='ocrx_word' id='word_1_29' title='bbox 304 338 480 378; x_wconf 84' lang='lat' dir='ltr'>deducit</span> <span class='ocrx_word' id='word_1_30' title='bbox 512 348 574 383; x_wconf 87' lang='lat' dir='ltr'>ac,</span> <span class='ocrx_word' id='word_1_31' title='bbox 607 337 711 376; x_wconf 92' lang='lat' dir='ltr'>dum</span> <span class='ocrx_word' id='word_1_32' title='bbox 745 336 914 386; x_wconf 90' lang='lat' dir='ltr'>legatus</span> <span class='ocrx_word' id='word_1_33' title='bbox 948 335 1003 374; x_wconf 90' lang='lat' dir='ltr'>ad</span> <span class='ocrx_word' id='word_1_34' title='bbox 1031 335 1206 382; x_wconf 76' lang='lat' dir='ltr'>flumen,</span> <span class='ocrx_word' id='word_1_35' title='bbox 1240 346 1328 385; x_wconf 92' lang='lat' dir='ltr'>quo</span> <span class='ocrx_word' id='word_1_36' title='bbox 1356 345 1476 384; x_wconf 88' lang='lat' dir='ltr'>prae-</span> 
     </span>
     <span class='ocr_line' id='line_1_6' title="bbox 124 393 1519 445; baseline -0.005 -8"><span class='ocrx_word' id='word_1_37' title='bbox 124 398 284 437; x_wconf 91' lang='lat' dir='ltr'>missus</span> <span class='ocrx_word' id='word_1_38' title='bbox 307 401 406 442; x_wconf 88' lang='lat' dir='ltr'>erat,</span> <span class='ocrx_word' id='word_1_39' title='bbox 428 397 637 436; x_wconf 77' lang='lat' dir='ltr'>festinans</span> <span class='ocrx_word' id='word_1_40' title='bbox 658 396 808 445; x_wconf 90' lang='lat' dir='ltr'>pergit,</span> <span class='ocrx_word' id='word_1_41' title='bbox 834 396 1017 444; x_wconf 84' lang='lat' dir='ltr'>quietus,</span> <span class='ocrx_word' id='word_1_42' title='bbox 1044 395 1104 433; x_wconf 89' lang='lat' dir='ltr'>uti</span> <span class='ocrx_word' id='word_1_43' title='bbox 1126 406 1192 434; x_wconf 92' lang='lat' dir='ltr'>res</span> <span class='ocrx_word' id='word_1_44' title='bbox 1213 393 1476 444; x_wconf 87' lang='lat' dir='ltr'>postulabat,</span> <span class='ocrx_word' id='word_1_45' title='bbox 1500 403 1519 430; x_wconf 89' lang='lat'>5</span> 
     </span>
     <span class='ocr_line' id='line_1_7' title="bbox 125 453 1477 504; baseline -0.003 -8"><span class='ocrx_word' id='word_1_46' title='bbox 125 458 262 496; x_wconf 90' lang='lat' dir='ltr'>aciem</span> <span class='ocrx_word' id='word_1_47' title='bbox 286 460 465 496; x_wconf 84' lang='lat' dir='ltr'>exornat</span> <span class='ocrx_word' id='word_1_48' title='bbox 485 466 629 504; x_wconf 89' lang='lat' dir='ltr'>neque</span> <span class='ocrx_word' id='word_1_49' title='bbox 650 455 834 501; x_wconf 87' lang='lat' dir='ltr'>remittit,</span> <span class='ocrx_word' id='word_1_50' title='bbox 857 455 960 504; x_wconf 89' lang='lat' dir='ltr'>quid</span> <span class='ocrx_word' id='word_1_51' title='bbox 982 454 1147 503; x_wconf 89' lang='lat' dir='ltr'>ubique</span> <span class='ocrx_word' id='word_1_52' title='bbox 1167 453 1304 493; x_wconf 90' lang='lat' dir='ltr'>hostis</span> <span class='ocrx_word' id='word_1_53' title='bbox 1318 457 1477 503; x_wconf 85' lang='lat' dir='ltr'>ageret,</span> 
     </span>
    </p>

    <p class='ocr_par' dir='ltr' id='par_1_3' title="bbox 75 513 1533 801">
     <span class='ocr_line' id='line_1_8' title="bbox 75 513 1477 565; baseline -0.001 -13"><span class='ocrx_word' id='word_1_54' title='bbox 75 521 96 552; x_wconf 87' lang='grc'><strong>6</strong></span> <span class='ocrx_word' id='word_1_55' title='bbox 125 516 360 565; x_wconf 88' lang='lat' dir='ltr'>explorare.</span> <span class='ocrx_word' id='word_1_56' title='bbox 399 518 632 564; x_wconf 89' lang='lat' dir='ltr'>postquam</span> <span class='ocrx_word' id='word_1_57' title='bbox 658 513 862 553; x_wconf 88' lang='lat' dir='ltr'>Rutilium</span> <span class='ocrx_word' id='word_1_58' title='bbox 885 513 1138 553; x_wconf 87' lang='lat' dir='ltr'>consedisse</span> <span class='ocrx_word' id='word_1_59' title='bbox 1160 513 1245 551; x_wconf 90' lang='lat' dir='ltr'>iarn</span> <span class='ocrx_word' id='word_1_60' title='bbox 1268 517 1309 552; x_wconf 88' lang='lat' dir='ltr'>et</span> <span class='ocrx_word' id='word_1_61' title='bbox 1329 513 1477 552; x_wconf 87' lang='lat' dir='ltr'>animo</span> 
     </span>
     <span class='ocr_line' id='line_1_9' title="bbox 123 571 1479 623; baseline -0.002 -9"><span class='ocrx_word' id='word_1_62' title='bbox 123 586 310 614; x_wconf 89' lang='lat' dir='ltr'>vacuom</span> <span class='ocrx_word' id='word_1_63' title='bbox 339 575 516 623; x_wconf 89' lang='lat' dir='ltr'>accepit,</span> <span class='ocrx_word' id='word_1_64' title='bbox 545 573 762 622; x_wconf 91' lang='lat' dir='ltr'>simulque</span> <span class='ocrx_word' id='word_1_65' title='bbox 791 584 842 612; x_wconf 81' lang='lat' dir='ltr'>ex</span> <span class='ocrx_word' id='word_1_66' title='bbox 869 572 1099 622; x_wconf 84' lang='lat' dir='ltr'>Iugurthae</span> <span class='ocrx_word' id='word_1_67' title='bbox 1127 572 1292 621; x_wconf 92' lang='lat' dir='ltr'>proelio</span> <span class='ocrx_word' id='word_1_68' title='bbox 1318 571 1479 611; x_wconf 92' lang='lat' dir='ltr'>clamo-</span> 
     </span>
     <span class='ocr_line' id='line_1_10' title="bbox 123 631 1479 684; baseline -0.003 -10"><span class='ocrx_word' id='word_1_69' title='bbox 123 646 212 674; x_wconf 92' lang='lat' dir='ltr'>rem</span> <span class='ocrx_word' id='word_1_70' title='bbox 241 635 403 684; x_wconf 87' lang='lat' dir='ltr'>augeri,</span> <span class='ocrx_word' id='word_1_71' title='bbox 429 634 603 679; x_wconf 90' lang='lat' dir='ltr'>veritus‚</span> <span class='ocrx_word' id='word_1_72' title='bbox 631 644 686 672; x_wconf 91' lang='lat' dir='ltr'>ne</span> <span class='ocrx_word' id='word_1_73' title='bbox 714 632 883 683; x_wconf 91' lang='lat' dir='ltr'>legatus</span> <span class='ocrx_word' id='word_1_74' title='bbox 911 632 1085 681; x_wconf 88' lang='lat' dir='ltr'>cognita</span> <span class='ocrx_word' id='word_1_75' title='bbox 1111 642 1155 670; x_wconf 94' lang='lat' dir='ltr'>re</span> <span class='ocrx_word' id='word_1_76' title='bbox 1180 631 1479 671; x_wconf 88' lang='lat' dir='ltr'>laborantibus</span> 
     </span>
     <span class='ocr_line' id='line_1_11' title="bbox 124 689 1533 741; baseline -0.004 -8"><span class='ocrx_word' id='word_1_77' title='bbox 124 694 213 733; x_wconf 90' lang='lat' dir='ltr'>suis</span> <span class='ocrx_word' id='word_1_78' title='bbox 239 693 401 733; x_wconf 89' lang='lat' dir='ltr'>auxilio</span> <span class='ocrx_word' id='word_1_79' title='bbox 424 693 544 739; x_wconf 79' lang='lat' dir='ltr'>foret,</span> <span class='ocrx_word' id='word_1_80' title='bbox 572 693 722 737; x_wconf 90' lang='lat' dir='ltr'>aciem,</span> <span class='ocrx_word' id='word_1_81' title='bbox 750 702 881 741; x_wconf 89' lang='lat' dir='ltr'>quarn</span> <span class='ocrx_word' id='word_1_82' title='bbox 903 691 1105 730; x_wconf 77' lang='lat' dir='ltr'>diffidens</span> <span class='ocrx_word' id='word_1_83' title='bbox 1126 691 1269 729; x_wconf 86' lang='lat' dir='ltr'>virtuti</span> <span class='ocrx_word' id='word_1_84' title='bbox 1292 689 1476 729; x_wconf 88' lang='lat' dir='ltr'>militum</span> <span class='ocrx_word' id='word_1_85' title='bbox 1498 697 1533 726; x_wconf 86' lang='lat'>10</span> 
     </span>
     <span class='ocr_line' id='line_1_12' title="bbox 125 749 1479 801; baseline -0.004 -8"><span class='ocrx_word' id='word_1_86' title='bbox 125 758 214 793; x_wconf 90' lang='lat' dir='ltr'>arte</span> <span class='ocrx_word' id='word_1_87' title='bbox 242 757 458 798; x_wconf 87' lang='lat' dir='ltr'>statuerat,</span> <span class='ocrx_word' id='word_1_88' title='bbox 486 763 573 801; x_wconf 90' lang='lat' dir='ltr'>quo</span> <span class='ocrx_word' id='word_1_89' title='bbox 596 752 786 791; x_wconf 90' lang='lat' dir='ltr'>hostium</span> <span class='ocrx_word' id='word_1_90' title='bbox 810 751 947 790; x_wconf 88' lang='lat' dir='ltr'>itineri</span> <span class='ocrx_word' id='word_1_91' title='bbox 970 750 1172 795; x_wconf 79' lang='lat' dir='ltr'>officeret,</span> <span class='ocrx_word' id='word_1_92' title='bbox 1199 749 1325 788; x_wconf 89' lang='lat' dir='ltr'>latius</span> <span class='ocrx_word' id='word_1_93' title='bbox 1348 750 1479 798; x_wconf 86' lang='lat' dir='ltr'>porri-</span> 
     </span>
    </p>

    <p class='ocr_par' dir='ltr' id='par_1_4' title="bbox 59 808 1533 1159">
     <span class='ocr_line' id='line_1_13' title="bbox 59 808 1478 863; baseline -0.004 -10"><span class='ocrx_word' id='word_1_94' title='bbox 59 813 187 863; x_wconf 85' lang='lat' dir='ltr'>53git</span> <span class='ocrx_word' id='word_1_95' title='bbox 221 823 363 861; x_wconf 89' lang='lat' dir='ltr'>eoque</span> <span class='ocrx_word' id='word_1_96' title='bbox 396 811 530 851; x_wconf 90' lang='lat' dir='ltr'>modo</span> <span class='ocrx_word' id='word_1_97' title='bbox 565 811 619 849; x_wconf 91' lang='lat' dir='ltr'>ad</span> <span class='ocrx_word' id='word_1_98' title='bbox 648 810 775 850; x_wconf 88' lang='lat' dir='ltr'>Rutili</span> <span class='ocrx_word' id='word_1_99' title='bbox 804 815 942 849; x_wconf 87' lang='lat' dir='ltr'>castra</span> <span class='ocrx_word' id='word_1_100' title='bbox 969 809 1175 858; x_wconf 85' lang='lat' dir='ltr'>procedit.</span> <span class='ocrx_word' id='word_1_101' title='bbox 1214 808 1398 849; x_wconf 86' lang='lat' dir='ltr'>Romani</span> <span class='ocrx_word' id='word_1_102' title='bbox 1426 819 1478 848; x_wconf 85' lang='lat' dir='ltr'>ex</span> 
     </span>
     <span class='ocr_line' id='line_1_14' title="bbox 127 868 1478 921; baseline -0.004 -10"><span class='ocrx_word' id='word_1_103' title='bbox 127 872 350 921; x_wconf 90' lang='lat' dir='ltr'>inproviso</span> <span class='ocrx_word' id='word_1_104' title='bbox 385 871 574 920; x_wconf 92' lang='lat' dir='ltr'>pulveris</span> <span class='ocrx_word' id='word_1_105' title='bbox 607 871 695 908; x_wconf 89' lang='lat' dir='ltr'>vim</span> <span class='ocrx_word' id='word_1_106' title='bbox 731 881 935 919; x_wconf 90' lang='lat' dir='ltr'>magnam</span> <span class='ocrx_word' id='word_1_107' title='bbox 971 868 1340 911; x_wconf 79' lang='lat' dir='ltr'>animadvertunt:</span> <span class='ocrx_word' id='word_1_108' title='bbox 1376 878 1478 907; x_wconf 90' lang='lat' dir='ltr'>nam</span> 
     </span>
     <span class='ocr_line' id='line_1_15' title="bbox 128 927 1478 980; baseline -0.004 -10"><span class='ocrx_word' id='word_1_109' title='bbox 128 935 406 980; x_wconf 88' lang='lat' dir='ltr'>prospectum</span> <span class='ocrx_word' id='word_1_110' title='bbox 428 941 530 979; x_wconf 89' lang='lat' dir='ltr'>ager</span> <span class='ocrx_word' id='word_1_111' title='bbox 552 930 736 968; x_wconf 89' lang='lat' dir='ltr'>arbustis</span> <span class='ocrx_word' id='word_1_112' title='bbox 759 930 950 968; x_wconf 89' lang='lat' dir='ltr'>consitus</span> <span class='ocrx_word' id='word_1_113' title='bbox 973 928 1242 977; x_wconf 88' lang='lat' dir='ltr'>prohibebat.</span> <span class='ocrx_word' id='word_1_114' title='bbox 1277 932 1317 966; x_wconf 88' lang='lat' dir='ltr'>et</span> <span class='ocrx_word' id='word_1_115' title='bbox 1339 927 1478 976; x_wconf 90' lang='lat' dir='ltr'>primo</span> 
     </span>
     <span class='ocr_line' id='line_1_16' title="bbox 126 985 1533 1038; baseline -0.005 -9"><span class='ocrx_word' id='word_1_116' title='bbox 126 991 204 1029; x_wconf 90' lang='lat' dir='ltr'>rati</span> <span class='ocrx_word' id='word_1_117' title='bbox 233 990 413 1029; x_wconf 92' lang='lat' dir='ltr'>humum</span> <span class='ocrx_word' id='word_1_118' title='bbox 442 989 606 1028; x_wconf 90' lang='lat' dir='ltr'>aridam</span> <span class='ocrx_word' id='word_1_119' title='bbox 633 993 765 1028; x_wconf 89' lang='lat' dir='ltr'>vento</span> <span class='ocrx_word' id='word_1_120' title='bbox 794 989 957 1038; x_wconf 87' lang='lat' dir='ltr'>agitari,</span> <span class='ocrx_word' id='word_1_121' title='bbox 986 992 1083 1036; x_wconf 90' lang='lat' dir='ltr'>post</span> <span class='ocrx_word' id='word_1_122' title='bbox 1105 987 1177 1026; x_wconf 91' lang='lat' dir='ltr'>ubi</span> <span class='ocrx_word' id='word_1_123' title='bbox 1201 985 1476 1036; x_wconf 81' lang='lat' dir='ltr'>aequabilem</span> <span class='ocrx_word' id='word_1_124' title='bbox 1499 993 1533 1020; x_wconf 87' lang='lat'>15</span> 
     </span>
     <span class='ocr_line' id='line_1_17' title="bbox 128 1044 1477 1095; baseline -0.004 -6"><span class='ocrx_word' id='word_1_125' title='bbox 128 1060 303 1089; x_wconf 91' lang='lat' dir='ltr'>manere</span> <span class='ocrx_word' id='word_1_126' title='bbox 331 1054 383 1094; x_wconf 85' lang='lat' dir='ltr'>et,</span> <span class='ocrx_word' id='word_1_127' title='bbox 410 1049 534 1088; x_wconf 92' lang='lat' dir='ltr'>sicuti</span> <span class='ocrx_word' id='word_1_128' title='bbox 562 1049 677 1087; x_wconf 87' lang='lat' dir='ltr'>acies</span> <span class='ocrx_word' id='word_1_129' title='bbox 700 1048 967 1092; x_wconf 89' lang='lat' dir='ltr'>movebatur,</span> <span class='ocrx_word' id='word_1_130' title='bbox 996 1047 1134 1095; x_wconf 90' lang='lat' dir='ltr'>magis</span> <span class='ocrx_word' id='word_1_131' title='bbox 1155 1047 1384 1095; x_wconf 82' lang='lat' dir='ltr'>magisque</span> <span class='ocrx_word' id='word_1_132' title='bbox 1405 1044 1477 1083; x_wconf 87' lang='lat' dir='ltr'>ad-</span> 
     </span>
     <span class='ocr_line' id='line_1_18' title="bbox 128 1104 1478 1159; baseline -0.004 -11"><span class='ocrx_word' id='word_1_133' title='bbox 128 1110 420 1159; x_wconf 91' lang='lat' dir='ltr'>propinquare</span> <span class='ocrx_word' id='word_1_134' title='bbox 446 1108 607 1153; x_wconf 86' lang='lat' dir='ltr'>vident,</span> <span class='ocrx_word' id='word_1_135' title='bbox 639 1108 813 1156; x_wconf 88' lang='lat' dir='ltr'>cognita</span> <span class='ocrx_word' id='word_1_136' title='bbox 840 1118 883 1146; x_wconf 91' lang='lat' dir='ltr'>re</span> <span class='ocrx_word' id='word_1_137' title='bbox 911 1110 1192 1155; x_wconf 87' lang='lat' dir='ltr'>properantes</span> <span class='ocrx_word' id='word_1_138' title='bbox 1221 1116 1338 1144; x_wconf 85' lang='lat' dir='ltr'>arma</span> <span class='ocrx_word' id='word_1_139' title='bbox 1366 1104 1478 1153; x_wconf 90' lang='lat' dir='ltr'>capi-</span> 
     </span>
    </p>

    <p class='ocr_par' dir='ltr' id='par_1_5' title="bbox 80 1163 1480 1277">
     <span class='ocr_line' id='line_1_19' title="bbox 80 1163 1480 1217; baseline -0.004 -9"><span class='ocrx_word' id='word_1_140' title='bbox 80 1173 100 1203; x_wconf 88' lang='grc'>2</span> <span class='ocrx_word' id='word_1_141' title='bbox 128 1173 204 1208; x_wconf 89' lang='lat' dir='ltr'>unt</span> <span class='ocrx_word' id='word_1_142' title='bbox 225 1179 275 1207; x_wconf 92' lang='lat' dir='ltr'>ac</span> <span class='ocrx_word' id='word_1_143' title='bbox 297 1179 373 1217; x_wconf 89' lang='lat' dir='ltr'>pro</span> <span class='ocrx_word' id='word_1_144' title='bbox 387 1168 547 1213; x_wconf 88' lang='lat' dir='ltr'>castris,</span> <span class='ocrx_word' id='word_1_145' title='bbox 570 1167 692 1205; x_wconf 90' lang='lat' dir='ltr'>sicuti</span> <span class='ocrx_word' id='word_1_146' title='bbox 710 1166 1011 1215; x_wconf 88' lang='lat' dir='ltr'>imperabatur,</span> <span class='ocrx_word' id='word_1_147' title='bbox 1034 1165 1285 1204; x_wconf 82' lang='lat' dir='ltr'>consistunt.</span> <span class='ocrx_word' id='word_1_148' title='bbox 1320 1163 1480 1203; x_wconf 83' lang='lat' dir='ltr'>deinde</span> 
     </span>
     <span class='ocr_line' id='line_1_20' title="bbox 128 1223 1480 1277; baseline -0.005 -10"><span class='ocrx_word' id='word_1_149' title='bbox 128 1228 203 1267; x_wconf 92' lang='lat' dir='ltr'>ubi</span> <span class='ocrx_word' id='word_1_150' title='bbox 231 1228 409 1277; x_wconf 88' lang='lat' dir='ltr'>propius</span> <span class='ocrx_word' id='word_1_151' title='bbox 436 1231 614 1266; x_wconf 88' lang='lat' dir='ltr'>ventum</span> <span class='ocrx_word' id='word_1_152' title='bbox 644 1230 718 1271; x_wconf 92' lang='lat' dir='ltr'>est,</span> <span class='ocrx_word' id='word_1_153' title='bbox 747 1226 961 1274; x_wconf 89' lang='lat' dir='ltr'>utrimque</span> <span class='ocrx_word' id='word_1_154' title='bbox 986 1235 1147 1273; x_wconf 89' lang='lat' dir='ltr'>magno</span> <span class='ocrx_word' id='word_1_155' title='bbox 1170 1223 1358 1263; x_wconf 85' lang='lat' dir='ltr'>clamore</span> <span class='ocrx_word' id='word_1_156' title='bbox 1380 1233 1480 1262; x_wconf 91' lang='lat' dir='ltr'>con-</span> 
     </span>
    </p>

    <p class='ocr_par' dir='ltr' id='par_1_6' title="bbox 81 1282 1535 1513">
     <span class='ocr_line' id='line_1_21' title="bbox 81 1282 1535 1328; baseline -0.003 -5"><span class='ocrx_word' id='word_1_157' title='bbox 81 1291 101 1323; x_wconf 86' lang='lat'><strong>3</strong></span> <span class='ocrx_word' id='word_1_158' title='bbox 129 1288 315 1326; x_wconf 90' lang='lat' dir='ltr'>curritur.</span> <span class='ocrx_word' id='word_1_159' title='bbox 362 1286 578 1325; x_wconf 88' lang='lat' dir='ltr'>Numidae</span> <span class='ocrx_word' id='word_1_160' title='bbox 611 1284 915 1324; x_wconf 81' lang='lat' dir='ltr'>tantummodo</span> <span class='ocrx_word' id='word_1_161' title='bbox 949 1284 1160 1328; x_wconf 87' lang='lat' dir='ltr'>remorati,</span> <span class='ocrx_word' id='word_1_162' title='bbox 1195 1283 1298 1321; x_wconf 91' lang='lat' dir='ltr'>dum</span> <span class='ocrx_word' id='word_1_163' title='bbox 1327 1283 1368 1321; x_wconf 89' lang='lat' dir='ltr'>in</span> <span class='ocrx_word' id='word_1_164' title='bbox 1397 1282 1479 1321; x_wconf 86' lang='lat' dir='ltr'>ele·</span> <span class='ocrx_word' id='word_1_165' title='bbox 1499 1289 1535 1317; x_wconf 79' lang='lat'>2⁰</span> 
     </span>
     <span class='ocr_line' id='line_1_22' title="bbox 130 1341 1480 1395; baseline -0.004 -10"><span class='ocrx_word' id='word_1_166' title='bbox 130 1347 302 1395; x_wconf 90' lang='lat' dir='ltr'>phantis</span> <span class='ocrx_word' id='word_1_167' title='bbox 325 1345 533 1384; x_wconf 80' lang='lat' dir='ltr'>auxilium</span> <span class='ocrx_word' id='word_1_168' title='bbox 556 1348 720 1394; x_wconf 90' lang='lat' dir='ltr'>putant,</span> <span class='ocrx_word' id='word_1_169' title='bbox 742 1348 975 1393; x_wconf 87' lang='lat' dir='ltr'>postquam</span> <span class='ocrx_word' id='word_1_170' title='bbox 999 1354 1074 1382; x_wconf 86' lang='lat' dir='ltr'>eos</span> <span class='ocrx_word' id='word_1_171' title='bbox 1097 1342 1330 1391; x_wconf 89' lang='lat' dir='ltr'>impeditos</span> <span class='ocrx_word' id='word_1_172' title='bbox 1350 1341 1480 1380; x_wconf 89' lang='lat' dir='ltr'>ramis</span> 
     </span>
     <span class='ocr_line' id='line_1_23' title="bbox 130 1400 1479 1454; baseline -0.004 -10"><span class='ocrx_word' id='word_1_173' title='bbox 130 1406 332 1445; x_wconf 90' lang='lat' dir='ltr'>arborum</span> <span class='ocrx_word' id='word_1_174' title='bbox 360 1410 491 1454; x_wconf 89' lang='lat' dir='ltr'>atque</span> <span class='ocrx_word' id='word_1_175' title='bbox 519 1405 577 1443; x_wconf 91' lang='lat' dir='ltr'>ita</span> <span class='ocrx_word' id='word_1_176' title='bbox 598 1404 802 1443; x_wconf 89' lang='lat' dir='ltr'>disiectos</span> <span class='ocrx_word' id='word_1_177' title='bbox 825 1403 1123 1442; x_wconf 88' lang='lat' dir='ltr'>circumveniri</span> <span class='ocrx_word' id='word_1_178' title='bbox 1143 1401 1304 1446; x_wconf 90' lang='lat' dir='ltr'>vident,</span> <span class='ocrx_word' id='word_1_179' title='bbox 1332 1400 1479 1450; x_wconf 83' lang='lat' dir='ltr'>fugam</span> 
     </span>
     <span class='ocr_line' id='line_1_24' title="bbox 131 1461 1481 1513; baseline -0.004 -9"><span class='ocrx_word' id='word_1_180' title='bbox 131 1465 302 1510; x_wconf 79' lang='lat' dir='ltr'>faciunt,</span> <span class='ocrx_word' id='word_1_181' title='bbox 325 1475 374 1503; x_wconf 89' lang='lat' dir='ltr'>ac</span> <span class='ocrx_word' id='word_1_182' title='bbox 396 1464 590 1513; x_wconf 89' lang='lat' dir='ltr'>plerique</span> <span class='ocrx_word' id='word_1_183' title='bbox 611 1463 790 1502; x_wconf 90' lang='lat' dir='ltr'>abiectis</span> <span class='ocrx_word' id='word_1_184' title='bbox 812 1463 940 1501; x_wconf 89' lang='lat' dir='ltr'>armis</span> <span class='ocrx_word' id='word_1_185' title='bbox 963 1461 1084 1501; x_wconf 92' lang='lat' dir='ltr'>collis</span> <span class='ocrx_word' id='word_1_186' title='bbox 1106 1466 1179 1500; x_wconf 90' lang='lat' dir='ltr'>aut</span> <span class='ocrx_word' id='word_1_187' title='bbox 1194 1461 1344 1505; x_wconf 87' lang='lat' dir='ltr'>noctis,</span> <span class='ocrx_word' id='word_1_188' title='bbox 1367 1470 1481 1509; x_wconf 90' lang='lat' dir='ltr'>quae</span> 
     </span>
    </p>

    <p class='ocr_par' dir='ltr' id='par_1_7' title="bbox 85 1520 1480 1571">
     <span class='ocr_line' id='line_1_25' title="bbox 85 1520 1480 1571; baseline -0.004 -8"><span class='ocrx_word' id='word_1_189' title='bbox 85 1529 104 1559; x_wconf 84' lang='grc'>4</span> <span class='ocrx_word' id='word_1_190' title='bbox 134 1524 220 1563; x_wconf 88' lang='lat' dir='ltr'>iam</span> <span class='ocrx_word' id='word_1_191' title='bbox 253 1524 412 1569; x_wconf 90' lang='lat' dir='ltr'>aderat,</span> <span class='ocrx_word' id='word_1_192' title='bbox 446 1522 609 1562; x_wconf 89' lang='lat' dir='ltr'>auxilio</span> <span class='ocrx_word' id='word_1_193' title='bbox 637 1522 790 1571; x_wconf 85' lang='lat' dir='ltr'>integri</span> <span class='ocrx_word' id='word_1_194' title='bbox 817 1522 991 1561; x_wconf 84' lang='lat' dir='ltr'>abeunt.</span> <span class='ocrx_word' id='word_1_195' title='bbox 1032 1520 1251 1569; x_wconf 88' lang='lat' dir='ltr'>elephanti</span> <span class='ocrx_word' id='word_1_196' title='bbox 1278 1523 1480 1568; x_wconf 82' lang='lat' dir='ltr'>quattuor</span> 
     </span>
    </p>

    <p class='ocr_par' dir='ltr' id='par_1_8' title="bbox 84 1578 1536 1810">
     <span class='ocr_line' id='line_1_26' title="bbox 84 1578 1536 1632; baseline -0.007 -9"><span class='ocrx_word' id='word_1_197' title='bbox 84 1595 104 1625; x_wconf 86' lang='lat'><strong>5</strong></span> <span class='ocrx_word' id='word_1_198' title='bbox 133 1584 258 1632; x_wconf 90' lang='lat' dir='ltr'>capti,</span> <span class='ocrx_word' id='word_1_199' title='bbox 290 1583 443 1632; x_wconf 90' lang='lat' dir='ltr'>reliqui</span> <span class='ocrx_word' id='word_1_200' title='bbox 477 1593 630 1621; x_wconf 86' lang='lat' dir='ltr'>omnes</span> <span class='ocrx_word' id='word_1_201' title='bbox 658 1592 839 1620; x_wconf 88' lang='lat' dir='ltr'>numero</span> <span class='ocrx_word' id='word_1_202' title='bbox 868 1581 1155 1629; x_wconf 88' lang='lat' dir='ltr'>quadraginta</span> <span class='ocrx_word' id='word_1_203' title='bbox 1182 1578 1399 1618; x_wconf 82' lang='lat' dir='ltr'>interfecti.</span> <span class='ocrx_word' id='word_1_204' title='bbox 1439 1582 1536 1617; x_wconf 80' lang='lat' dir='ltr'>at25</span> 
     </span>
     <span class='ocr_line' id='line_1_27' title="bbox 131 1641 1481 1691; baseline -0.005 -9"><span class='ocrx_word' id='word_1_205' title='bbox 131 1641 327 1688; x_wconf 88' lang='lat' dir='ltr'>Romani,</span> <span class='ocrx_word' id='word_1_206' title='bbox 361 1652 627 1691; x_wconf 90' lang='lat' dir='ltr'>quamquam</span> <span class='ocrx_word' id='word_1_207' title='bbox 663 1641 813 1679; x_wconf 89' lang='lat' dir='ltr'>itinere</span> <span class='ocrx_word' id='word_1_208' title='bbox 845 1645 976 1689; x_wconf 84' lang='lat' dir='ltr'>atque</span> <span class='ocrx_word' id='word_1_209' title='bbox 1009 1650 1140 1688; x_wconf 87' lang='lat' dir='ltr'>opere</span> <span class='ocrx_word' id='word_1_210' title='bbox 1174 1642 1407 1677; x_wconf 89' lang='lat' dir='ltr'>castrorum</span> <span class='ocrx_word' id='word_1_211' title='bbox 1440 1641 1481 1676; x_wconf 88' lang='lat' dir='ltr'>et</span> 
     </span>
     <span class='ocr_line' id='line_1_28' title="bbox 132 1696 1481 1751; baseline -0.005 -10"><span class='ocrx_word' id='word_1_212' title='bbox 132 1701 298 1751; x_wconf 91' lang='lat' dir='ltr'>proelio</span> <span class='ocrx_word' id='word_1_213' title='bbox 326 1701 427 1740; x_wconf 82' lang='lat' dir='ltr'>fessi</span> <span class='ocrx_word' id='word_1_214' title='bbox 455 1700 644 1750; x_wconf 91' lang='lat' dir='ltr'>laetique</span> <span class='ocrx_word' id='word_1_215' title='bbox 672 1704 802 1746; x_wconf 89' lang='lat' dir='ltr'>erant,</span> <span class='ocrx_word' id='word_1_216' title='bbox 836 1704 992 1744; x_wconf 83' lang='lat' dir='ltr'>tamen,</span> <span class='ocrx_word' id='word_1_217' title='bbox 1021 1698 1139 1747; x_wconf 91' lang='lat' dir='ltr'>quod</span> <span class='ocrx_word' id='word_1_218' title='bbox 1166 1696 1365 1736; x_wconf 85' lang='lat' dir='ltr'>Metellus</span> <span class='ocrx_word' id='word_1_219' title='bbox 1392 1707 1481 1735; x_wconf 89' lang='lat' dir='ltr'>am-</span> 
     </span>
     <span class='ocr_line' id='line_1_29' title="bbox 133 1755 1480 1810; baseline -0.005 -10"><span class='ocrx_word' id='word_1_220' title='bbox 133 1761 247 1810; x_wconf 88' lang='lat' dir='ltr'>plius</span> <span class='ocrx_word' id='word_1_221' title='bbox 281 1761 489 1809; x_wconf 91' lang='lat' dir='ltr'>opinione</span> <span class='ocrx_word' id='word_1_222' title='bbox 522 1759 781 1804; x_wconf 91' lang='lat' dir='ltr'>morabatur,</span> <span class='ocrx_word' id='word_1_223' title='bbox 816 1759 1005 1797; x_wconf 87' lang='lat' dir='ltr'>instructi</span> <span class='ocrx_word' id='word_1_224' title='bbox 1038 1757 1276 1805; x_wconf 84' lang='lat' dir='ltr'>intentique</span> <span class='ocrx_word' id='word_1_225' title='bbox 1303 1755 1480 1795; x_wconf 88' lang='lat' dir='ltr'>obviarn</span> 
     </span>
    </p>

    <p class='ocr_par' dir='ltr' id='par_1_9' title="bbox 85 1815 1481 1869">
     <span class='ocr_line' id='line_1_30' title="bbox 85 1815 1481 1869; baseline -0.003 -13"><span class='ocrx_word' id='word_1_226' title='bbox 85 1825 105 1856; x_wconf 87' lang='lat'><strong>6</strong></span> <span class='ocrx_word' id='word_1_227' title='bbox 133 1820 391 1869; x_wconf 88' lang='lat' dir='ltr'>procedunt;</span> <span class='ocrx_word' id='word_1_228' title='bbox 415 1830 516 1858; x_wconf 91' lang='lat' dir='ltr'>nam</span> <span class='ocrx_word' id='word_1_229' title='bbox 539 1818 665 1858; x_wconf 89' lang='lat' dir='ltr'>dolus</span> <span class='ocrx_word' id='word_1_230' title='bbox 687 1818 972 1857; x_wconf 85' lang='lat' dir='ltr'>Numidarum</span> <span class='ocrx_word' id='word_1_231' title='bbox 994 1816 1099 1855; x_wconf 92' lang='lat' dir='ltr'>nihil</span> <span class='ocrx_word' id='word_1_232' title='bbox 1122 1815 1315 1865; x_wconf 85' lang='lat' dir='ltr'>languidi</span> <span class='ocrx_word' id='word_1_233' title='bbox 1336 1824 1481 1863; x_wconf 83' lang='lat' dir='ltr'>neque</span> 
     </span>
    </p>

    <p class='ocr_par' dir='ltr' id='par_1_10' title="bbox 86 1877 1536 2105">
     <span class='ocr_line' id='line_1_31' title="bbox 86 1877 1536 1928; baseline -0.003 -13"><span class='ocrx_word' id='word_1_234' title='bbox 86 1884 105 1915; x_wconf 89' lang='lat'>7</span> <span class='ocrx_word' id='word_1_235' title='bbox 132 1880 300 1919; x_wconf 85' lang='lat' dir='ltr'>remissi</span> <span class='ocrx_word' id='word_1_236' title='bbox 334 1879 586 1928; x_wconf 86' lang='lat' dir='ltr'>patiebatur.</span> <span class='ocrx_word' id='word_1_237' title='bbox 627 1889 677 1916; x_wconf 88' lang='lat' dir='ltr'>ac</span> <span class='ocrx_word' id='word_1_238' title='bbox 704 1878 841 1926; x_wconf 91' lang='lat' dir='ltr'>primo</span> <span class='ocrx_word' id='word_1_239' title='bbox 870 1877 1053 1916; x_wconf 88' lang='lat' dir='ltr'>obscura</span> <span class='ocrx_word' id='word_1_240' title='bbox 1079 1879 1218 1920; x_wconf 90' lang='lat' dir='ltr'>nocte,</span> <span class='ocrx_word' id='word_1_241' title='bbox 1246 1878 1479 1923; x_wconf 88' lang='lat' dir='ltr'>postquam</span> <span class='ocrx_word' id='word_1_242' title='bbox 1499 1881 1536 1909; x_wconf 84' lang='lat'>30</span> 
     </span>
     <span class='ocr_line' id='line_1_32' title="bbox 135 1932 1481 1987; baseline -0.004 -10"><span class='ocrx_word' id='word_1_243' title='bbox 135 1938 251 1977; x_wconf 93' lang='lat' dir='ltr'>haud</span> <span class='ocrx_word' id='word_1_244' title='bbox 280 1938 428 1987; x_wconf 91' lang='lat' dir='ltr'>procul</span> <span class='ocrx_word' id='word_1_245' title='bbox 456 1939 563 1976; x_wconf 91' lang='lat' dir='ltr'>inter</span> <span class='ocrx_word' id='word_1_246' title='bbox 587 1948 633 1975; x_wconf 88' lang='lat' dir='ltr'>se</span> <span class='ocrx_word' id='word_1_247' title='bbox 656 1941 786 1981; x_wconf 89' lang='lat' dir='ltr'>erant,</span> <span class='ocrx_word' id='word_1_248' title='bbox 814 1937 991 1984; x_wconf 91' lang='lat' dir='ltr'>strepitu</span> <span class='ocrx_word' id='word_1_249' title='bbox 1011 1934 1130 1974; x_wconf 89' lang='lat' dir='ltr'>velut</span> <span class='ocrx_word' id='word_1_250' title='bbox 1151 1934 1298 1973; x_wconf 86' lang='lat' dir='ltr'>hostes</span> <span class='ocrx_word' id='word_1_251' title='bbox 1320 1932 1481 1972; x_wconf 87' lang='lat' dir='ltr'>adven-</span> 
     </span>
     <span class='ocr_line' id='line_1_33' title="bbox 134 1991 1479 2046; baseline -0.005 -10"><span class='ocrx_word' id='word_1_252' title='bbox 134 2002 234 2043; x_wconf 90' lang='lat' dir='ltr'>tare,</span> <span class='ocrx_word' id='word_1_253' title='bbox 263 1997 381 2036; x_wconf 87' lang='lat' dir='ltr'>alteri</span> <span class='ocrx_word' id='word_1_254' title='bbox 409 1996 526 2046; x_wconf 85' lang='lat' dir='ltr'>apud</span> <span class='ocrx_word' id='word_1_255' title='bbox 554 1996 712 2035; x_wconf 89' lang='lat' dir='ltr'>alteros</span> <span class='ocrx_word' id='word_1_256' title='bbox 740 1995 1013 2035; x_wconf 83' lang='lat' dir='ltr'>formidinem</span> <span class='ocrx_word' id='word_1_257' title='bbox 1039 1993 1165 2032; x_wconf 90' lang='lat' dir='ltr'>simul</span> <span class='ocrx_word' id='word_1_258' title='bbox 1189 1997 1229 2032; x_wconf 90' lang='lat' dir='ltr'>et</span> <span class='ocrx_word' id='word_1_259' title='bbox 1250 1991 1479 2031; x_wconf 91' lang='lat' dir='ltr'>tumultum</span> 
     </span>
     <span class='ocr_line' id='line_1_34' title="bbox 135 2051 1481 2105; baseline -0.006 -9"><span class='ocrx_word' id='word_1_260' title='bbox 135 2056 291 2101; x_wconf 81' lang='lat' dir='ltr'>facere;</span> <span class='ocrx_word' id='word_1_261' title='bbox 320 2061 360 2095; x_wconf 82' lang='lat' dir='ltr'>et</span> <span class='ocrx_word' id='word_1_262' title='bbox 387 2067 526 2105; x_wconf 90' lang='lat' dir='ltr'>paene</span> <span class='ocrx_word' id='word_1_263' title='bbox 554 2055 828 2104; x_wconf 87' lang='lat' dir='ltr'>inprudentia</span> <span class='ocrx_word' id='word_1_264' title='bbox 855 2055 1094 2093; x_wconf 91' lang='lat' dir='ltr'>admissum</span> <span class='ocrx_word' id='word_1_265' title='bbox 1121 2052 1286 2091; x_wconf 80' lang='lat' dir='ltr'>facinus</span> <span class='ocrx_word' id='word_1_266' title='bbox 1308 2051 1481 2090; x_wconf 91' lang='lat' dir='ltr'>misera-</span> 
     </span>
    </p>
   </div>
   <div class='ocr_carea' id='block_1_3' title="bbox 135 2155 1480 2335">
    <p class='ocr_par' dir='ltr' id='par_1_11' title="bbox 135 2155 1480 2335">
     <span class='ocr_line' id='line_1_35' title="bbox 196 2155 1480 2200; baseline -0.005 -8"><span class='ocrx_word' id='word_1_267' title='bbox 196 2161 211 2192; x_wconf 93' lang='lat'>1</span> <span class='ocrx_word' id='word_1_268' title='bbox 242 2170 349 2200; x_wconf 88' lang='lat' dir='ltr'>quem</span> <span class='ocrx_word' id='word_1_269' title='bbox 372 2184 380 2192; x_wconf 94' lang='lat'><strong><em>.</em></strong></span> <span class='ocrx_word' id='word_1_270' title='bbox 395 2184 404 2193; x_wconf 85' lang='grc'><strong>.</strong></span> <span class='ocrx_word' id='word_1_271' title='bbox 419 2184 427 2193; x_wconf 95' lang='grc'><strong>.</strong></span> <span class='ocrx_word' id='word_1_272' title='bbox 449 2161 606 2192; x_wconf 88' lang='lat' dir='ltr'>diximus</span> <span class='ocrx_word' id='word_1_273' title='bbox 633 2160 739 2191; x_wconf 74' lang='lat' dir='ltr'>Aras.</span> <span class='ocrx_word' id='word_1_274' title='bbox 759 2168 918 2198; x_wconf 73' lang='lat' dir='ltr'>yramm.</span> <span class='ocrx_word' id='word_1_275' title='bbox 939 2158 996 2189; x_wconf 90' lang='lat' dir='ltr'>Vll</span> <span class='ocrx_word' id='word_1_276' title='bbox 1013 2161 1085 2195; x_wconf 74' lang='lat'>499,</span> <span class='ocrx_word' id='word_1_277' title='bbox 1099 2161 1120 2188; x_wconf 78' lang='lat'>2</span> <span class='ocrx_word' id='word_1_278' title='bbox 1193 2157 1213 2188; x_wconf 89' lang='lat'>2</span> <span class='ocrx_word' id='word_1_279' title='bbox 1241 2157 1287 2187; x_wconf 87' lang='lat' dir='ltr'>ab</span> <span class='ocrx_word' id='word_1_280' title='bbox 1313 2155 1390 2194; x_wconf 84' lang='lat' dir='ltr'>lug.</span> <span class='ocrx_word' id='word_1_281' title='bbox 1411 2164 1480 2187; x_wconf 90' lang='lat' dir='ltr'>om.</span> 
     </span>
     <span class='ocr_line' id='line_1_36' title="bbox 135 2205 1479 2247; baseline -0.005 -7"><span class='ocrx_word' id='word_1_282' title='bbox 135 2209 241 2240; x_wconf 83' lang='lat' dir='ltr'>Arus.</span> <span class='ocrx_word' id='word_1_283' title='bbox 310 2208 354 2239; x_wconf 90' lang='grc'>27</span> <span class='ocrx_word' id='word_1_284' title='bbox 382 2208 542 2246; x_wconf 87' lang='lat' dir='ltr'>laetique</span> <span class='ocrx_word' id='word_1_285' title='bbox 567 2208 731 2247; x_wconf 72' lang='lat' dir='ltr'>forta-sse</span> <span class='ocrx_word' id='word_1_286' title='bbox 752 2206 1022 2245; x_wconf 77' lang='lat' dir='ltr'>defendendum</span> <span class='ocrx_word' id='word_1_287' title='bbox 1044 2205 1126 2236; x_wconf 84' lang='lat' dir='ltr'>coll.</span> <span class='ocrx_word' id='word_1_288' title='bbox 1148 2205 1221 2236; x_wconf 71' lang='lat' dir='ltr'>Lib.</span> <span class='ocrx_word' id='word_1_289' title='bbox 1241 2207 1292 2241; x_wconf 83' lang='lat'>22,</span> <span class='ocrx_word' id='word_1_290' title='bbox 1307 2205 1357 2241; x_wconf 82' lang='lat'>60,</span> <span class='ocrx_word' id='word_1_291' title='bbox 1371 2206 1412 2240; x_wconf 78' lang='grc'>9,·</span> <span class='ocrx_word' id='word_1_292' title='bbox 1432 2211 1479 2234; x_wconf 83' lang='lat' dir='ltr'>an</span> 
     </span>
     <span class='ocr_line' id='line_1_37' title="bbox 135 2244 1480 2335; baseline -0.005 -48"><span class='ocrx_word' id='word_1_293' title='bbox 135 2255 293 2335; x_wconf 49' lang='grc' dir='ltr'>ἓῧῐὲξίξῐῐῑί</span> <span class='ocrx_word' id='word_1_294' title='bbox 312 2255 561 2334; x_wconf 55' lang='grc' dir='ltr'>ἴέΙΙΙΙαοθτειῒίἳ</span> <span class='ocrx_word' id='word_1_295' title='bbox 612 2254 652 2286; x_wconf 86' lang='grc'>31</span> <span class='ocrx_word' id='word_1_296' title='bbox 678 2254 916 2285; x_wconf 81' lang='lat' dir='ltr'>adventarent</span> <span class='ocrx_word' id='word_1_297' title='bbox 931 2252 962 2283; x_wconf 95' lang='lat' dir='ltr'>D</span> <span class='ocrx_word' id='word_1_298' title='bbox 1013 2252 1056 2284; x_wconf 88' lang='grc'>32</span> <span class='ocrx_word' id='word_1_299' title='bbox 1079 2251 1211 2284; x_wconf 86' lang='lat' dir='ltr'>alteros</span> <span class='ocrx_word' id='word_1_300' title='bbox 1226 2244 1480 2282; x_wconf 71' lang='lat' dir='ltr'>XKT²F²1sn</span> 
     </span>
    </p>
   </div>
  </div>
 </body>
</html>
