1593 2496
399 41 671 78 CATILINAE
699 40 1015 78 comunA‘rio
1043 45 1181 77 54—56
1410 47 1466 86 47

119 166 218 195 eum
254 156 452 194 muniunt
486 154 679 204 undique
713 155 898 203 parietes
931 158 1062 203 atque
1093 155 1268 203 insuper
1295 165 1466 193 camera
1493 158 1513 189 4

121 214 304 264 lapideis
337 214 572 254 fornicibus
606 214 766 258 iuncta:
801 213 877 252 sed
913 213 1075 252 incultu
1109 213 1298 252 tenebris
1331 213 1466 253 odore

121 273 251 313 foeda
289 277 419 322 atque
459 272 654 312 terribilis
694 274 786 312 eius
826 272 958 312 facies
992 277 1066 312 est.
1112 273 1154 311 in
1188 283 1288 312 eum
1322 271 1466 312 locum
1494 277 1514 308 5

121 337 352 382 postquam
381 332 598 372 demissus
626 336 690 371 est
717 331 936 377 Lentulus,
962 332 1158 371 vindices
1186 343 1325 371 rerum
1353 332 1467 380 capi-

58 390 100 424 ‘5
121 392 281 437 talium,
309 392 468 441 quibus
496 397 773 441 praeceptum
802 396 901 437 erat,
930 391 1088 440 laqueo
1115 391 1263 441 gulam
1291 390 1466 440 fregere.

120 452 178 490 ita
204 450 275 490 ille
303 452 505 500 patricius
532 462 584 490 ex
612 455 740 500 gente
769 450 1022 489 clarissuma
1049 450 1359 496 Corneliorum,
1393 451 1466 499 qui
1494 455 1514 486 6

119 509 347 550 consulare
374 511 601 559 imperium
623 509 787 549 Rornae
816 510 1036 556 habuerat,
1064 510 1245 559 dignum
1273 509 1467 549 moribus

120 569 329 619 factisque
362 571 452 609 suis
486 570 661 609 exitium
695 570 810 609 vitae
845 570 1020 609 invenit.
1060 569 1114 608 de
1142 568 1348 619 Cethego.
1376 568 1467 608 Sta-

120 629 222 674 tilio,
245 628 445 674 Gabinio,
468 628 679 678 Caepario
702 629 858 668 eodem
882 628 1016 668 modo
1038 628 1300 678 supplicium
1323 639 1467 677 sump-

62 685 100 726 ἰο
120 693 209 727 turn
238 692 312 728 est.

120 793 122 795 ‚
179 746 293 786 Dum
330 758 381 786 ea
414 746 578 786 Romae
613 753 828 797 geruntur,
865 746 1049 787 Catilina
1085 758 1136 786 ex
1173 747 1291 787 omni
1329 747 1533 796 copia‚56

120 817 251 855 quam
280 811 321 846 et
348 808 442 855 ipse
470 806 710 846 adduxerat
738 812 778 846 et
805 806 992 845 Manlius
1020 806 1242 852 habuerat,
1275 806 1384 846 duas
1411 805 1468 846 le-

119 867 275 915 giones
308 867 500 911 instituit,
534 866 721 906 cohortis
756 877 832 915 pro
860 877 1041 905 numero
1069 866 1254 905 militum
1282 865 1468 915 conplet.

120 925 291 971 deinde,
324 930 369 964 ut
401 926 588 974 quisque
621 925 890 965 voluntarius
923 930 997 964 aut
1024 936 1076 964 ex
1103 926 1233 965 sociis
1261 925 1303 964 in
1332 929 1470 964 castra
1496 924 1516 955 2

51 993 101 1021 ·15
119 988 308 1030 venerat,
334 984 571 1034 aequaliter
592 985 875 1030 distribuerat,
896 995 947 1023 ac
967 985 1086 1023 brevi
1108 985 1249 1034 spatio
1272 984 1468 1034 legiones

120 1054 301 1083 numero
328 1043 555 1083 hominum
584 1043 843 1093 expleverat,
871 1055 1004 1093 quom
1028 1044 1147 1083 initio
1170 1055 1259 1083 non
1281 1044 1468 1093 amplius

120 1102 294 1142 duobus
327 1102 502 1142 milibus
535 1103 770 1143 habuisset.
816 1103 893 1143 sed
928 1114 979 1142 ex
1007 1104 1125 1143 omni
1154 1104 1281 1152 copia
1309 1104 1470 1143 circiter
1497 1102 1517 1134 3

122 1173 218 1210 pars
252 1168 402 1211 quarta
436 1167 524 1201 erat
557 1162 812 1202 militaribus
840 1163 969 1201 armis
997 1164 1219 1208 instructa;
1253 1163 1392 1207 ceteri,
1426 1168 1471 1201 ut

121 1232 340 1271 quemque
362 1232 488 1261 casus
510 1227 761 1267 armaverat,
783 1233 935 1270 sparos
957 1227 1029 1260 aut
1049 1221 1237 1267 lanceas,
1258 1222 1329 1261 alii
1352 1233 1470 1271 prae-

59 1278 101 1312 ³2⁰
120 1285 270 1320 acutas
303 1281 424 1319 sudis
459 1281 698 1330 portabant.
744 1281 821 1320 sed
856 1286 1087 1330 postquam
1120 1280 1339 1321 Antonius
1372 1292 1469 1320 cum
1498 1282 1518 1312 4

53 1580 102 1609 u

121 1341 309 1379 exercitu
325 1340 601 1386 adventabat,
617 1339 799 1380 Catilina
814 1351 888 1389 per
903 1341 1062 1380 montis
1079 1341 1155 1379 iter
1169 1340 1320 1387 facere,
1336 1340 1470 1380 modo

121 1398 176 1437 ad
199 1399 361 1443 urbem,
382 1399 515 1439 modo
533 1398 717 1439 Galliam
738 1411 893 1439 vorsus
909 1405 1047 1438 castra
1062 1411 1250 1445 movere,
1271 1400 1470 1440 hostibus

122 1459 398 1498 occasionem
437 1459 660 1508 pugnandi
697 1470 784 1498 non
820 1458 933 1498 dare.
979 1459 1181 1508 sperabat
1215 1459 1469 1508 propediem

123 1528 306 1567 magnas
334 1518 483 1566 copias
511 1529 608 1557 sese
635 1518 894 1563 habiturum,
921 1519 956 1557 si
978 1518 1142 1558 Romae
1170 1519 1277 1558 socii
1299 1519 1471 1568 incepta

124 1578 421 1626 patravissent.
468 1578 629 1617 interea
662 1578 834 1617 servitia
861 1577 1128 1626 repudiabat,
1163 1578 1321 1627 quoius
1349 1578 1470 1618 initio
1499 1580 1518 1611 5

123 1635 178 1674 ad
212 1647 310 1675 eum
340 1647 526 1685 magnae
553 1637 707 1685 copiae
735 1637 1057 1682 concurrebant,
1091 1638 1249 1686 opibus
1277 1638 1472 1677 coniura-

123 1696 251 1734 tionis
279 1695 420 1740 fretus,
449 1696 576 1735 simul
603 1695 793 1735 alienum
822 1697 911 1735 suis
939 1696 1178 1735 rationibus
1204 1697 1471 1735 existumans

183 1824 201 1855 2
230 1824 366 1855 incultu
393 1824 547 1856 Plem
574 1825 709 1856 inculta
736 1826 813 1857 rell.
906 1826 926 1856 4
953 1825 1118 1857 vindices
1146 1822 1261 1864 nulyo'
1272 1825 1413 1856 indices
1439 1809 1485 1856 H'

54 1867 66 1878 ''
123 1875 158 1902 et
191 1871 264 1904 ind.
285 1870 351 1903 PK
378 1873 411 1903 ei
440 1872 512 1904 ind.
534 1872 566 1903 A
587 1872 660 1903 ind.
682 1872 833 1904 Blen
861 1882 926 1911 per
951 1873 1024 1904 ind.
1049 1869 1085 1902 Γ
1179 1871 1270 1903 7-8
1297 1873 1342 1912 cf.
1368 1871 1471 1903 Treb.

125 1917 257 1951 Claud.
277 1923 307 1957 5,
321 1923 341 1950 3
368 1916 534 1958 (dignum
556 1920 690 1951 exitum
718 1920 790 1951 vita
811 1928 853 1951 ac
875 1921 1035 1952 moribus
1055 1920 1130 1951 suis
1151 1917 1293 1958 habuit)
1314 1920 1359 1959 cf.
1381 1920 1472 1959 Any.

108 1968 232 2005 repis-t.
252 1969 334 2003 4322
367 1964 533 2005 (dignum
567 1968 726 1998 moribus
754 1967 932 2007 factisque
958 1968 1034 1998 suis
1060 1967 1195 1999 exitum
1223 1967 1472 2005 reppererunt)

184 2012 204 2043 8
226 2011 387 2051 exitium]
410 2014 545 2046 exitum
565 2014 729 2054 sortasse
748 2015 994 2053 scribendum,
1016 2015 1060 2054 cf.
1076 2014 1328 2053 Treb.etA119.
1382 2014 1423 2045 12
1439 2019 1473 2046 et

125 2058 218 2099 ipse}
247 2064 282 2092 et
308 2070 377 2092 om.
399 2059 594 2100 Y(-D)nm
696 2062 737 2092 15
765 2062 864 2093 brevi
885 2086 892 2094 .
910 2087 917 2093 .
934 2087 941 2093 .
962 2062 1151 2094 habuisset
1176 2061 1270 2093 Non.
1290 2071 1326 2101 ρ.
1347 2065 1418 2098 499,
1437 2066 1475 2093 17

183 2107 226 2138 16
247 2108 402 2146 amplius
423 2109 566 2140 duobus
588 2110 732 2140 milibus
747 2109 853 2141 Aras.
867 2119 1024 2149 yramm.
1037 2109 1177 2147 Vll-151,
1189 2114 1224 2140 11
1279 2108 1320 2140 17
1336 2109 1401 2140 sed
1418 2134 1425 2141 .
1441 2134 1448 2140 .
1465 2133 1472 2141 .

125 2155 319 2193 portabant
349 2154 443 2187 Non.
468 2165 504 2195 ρ.
530 2160 601 2194 554,
616 2160 636 2187 9
734 2156 777 2187 19
803 2165 931 2195 sparos
953 2181 959 2188 .
982 2182 988 2188 .
1011 2181 1018 2188 .
1041 2157 1233 2195 portabant
1265 2155 1364 2188 Serv.
1386 2156 1472 2188 Aen.

127 2205 250 2239 11,682
299 2200 372 2240 aut]
401 2206 436 2234 et
462 2202 560 2235 Seru.
636 2203 680 2234 20
707 2207 848 2242 portare
874 2203 972 2236 Serv.
1047 2204 1091 2235 22
1113 2204 1149 2234 in
1172 2203 1326 2235 Galliam
1347 2212 1472 2235 versus

126 2249 238 2281 Prisc.
268 2258 424 2288 qrammi.
451 2249 499 2282 ΙΙΙ
528 2254 652 2288 514,22
742 2251 778 2282 in
812 2250 904 2283 Gall.
931 2250 1075 2282 NKmn
1108 2251 1221 2283 Prisc.
1249 2251 1295 2281 ad
1329 2249 1420 2282 Gall.
1447 2250 1472 2282 F

185 2297 227 2328 25
256 2298 393 2328 interea
416 2323 421 2328 .
439 2323 444 2328 .
462 2322 469 2328 .
491 2298 753 2330 concurrebant
780 2298 893 2330 Prisc.
913 2307 1070 2337 qramm.
1091 2298 1139 2329 ΙΙΙ
1159 2302 1228 2335 184,
1246 2302 1280 2328 ll
