1593 2496
90 50 145 88 54
521 43 561 80 C.
581 43 824 81 SALLUSTI
852 44 1010 81 CRISPI

43 156 70 194 2
92 156 253 202 derent,
286 156 359 195 ubi
394 167 469 205 pro
498 155 752 196 mortalibus
778 156 916 205 gloria
942 158 1103 196 aeterni
1131 157 1292 197 fierent.
1337 169 1440 197 nam

92 216 151 254 uti
184 226 323 264 genus
357 215 582 254 hominum
617 216 893 264 conpositum
929 226 979 255 ex
1013 227 1192 265 corpore
1226 221 1267 256 et
1294 217 1442 256 anima

92 278 167 320 est,
188 275 246 313 ita
267 285 333 313 res
355 278 535 313 cunctae
556 274 788 323 studiaque
809 275 955 314 omnia
976 279 1123 314 nostra
1137 276 1329 324 corporis
1344 275 1441 322 alia,

91 333 176 373 alia
207 334 341 372 animi
374 338 568 372 naturam
605 337 854 382 sequontur.
898 334 1025 383 igitur
1051 334 1268 383 praeclara
1296 334 1440 381 iacies,

44 395 64 427 2
91 403 278 441 magnae
317 392 506 438 divitiae,
544 392 599 431 ad
640 392 723 432 hoc
760 393 827 431 vis
866 393 1057 442 corporis
1094 398 1134 432 et
1169 393 1253 432 alia
1290 394 1438 433 omnia
1476 401 1495 429 5

91 451 271 490 huiusce
286 451 405 491 modi
421 451 540 490 brevi
556 450 820 497 dilabuntur;
841 456 884 490 at
898 452 1044 501 ingeni
1061 453 1235 501 egregia
1248 452 1441 492 facinora

45 515 64 545 3
93 511 216 549 sicuti
244 511 389 549 anima
417 509 662 549 inmortalia
689 515 799 551 sunt.
839 515 1058 560 postremo
1087 513 1276 560 corporis
1299 516 1340 551 et
1360 511 1441 551 ior-

92 574 223 609 tunae
256 570 469 609 bonorum
499 574 543 608 ut
570 570 737 608 initium
766 570 828 608 sic
853 569 951 608 finis
979 574 1054 615 est,
1087 572 1322 619 omniaque
1349 575 1442 610 orta

92 628 296 668 occidunt
322 634 362 668 et
383 633 509 668 aucta
530 633 780 668 senescunt:
807 629 978 668 animus
999 630 1281 678 incorruptus,
1308 634 1442 669 aeter-

91 699 185 733 nus,
207 692 344 727 rector
357 687 534 726 humani
550 688 721 737 generis
736 688 823 736 agit
838 692 968 737 atque
983 688 1115 728 habet
1129 694 1281 734 cuncta
1296 699 1440 738 neque
1461 696 1496 723 10

45 751 65 781 4
92 747 186 796 ipse
207 747 400 786 habetur.
436 758 524 796 quo
546 747 686 796 magis
707 748 895 796 pravitas
917 758 1065 787 eorum
1087 747 1343 786 admiranda
1364 752 1440 793 est.

93 807 179 855 qui,
219 805 352 845 dediti
392 807 584 855 corporis
622 805 806 855 gaudiis,
846 817 920 855 per
957 806 1119 845 luxum.
1142 811 1183 846 et
1219 807 1438 856 ignaviam

91 869 278 904 aetatem
312 870 458 914 agunt,
495 869 682 904 ceterum
717 865 952 914 ingenium,
986 877 1073 915 quo
1108 877 1252 915 neque
1285 865 1440 905 melius

90 935 234 973 neque
267 924 454 973 amplius
487 924 604 963 aliud
638 925 679 963 in
713 929 865 963 natura
895 924 1140 964 mortalium
1169 929 1243 971 est,
1277 924 1439 964 incultu

90 988 222 1032 atque
249 983 450 1023 socordia
472 988 716 1032 torpescere
737 985 893 1029 sinunt,
921 995 1054 1033 quom
1077 984 1326 1033 praesertim
1348 988 1435 1023 tam
1460 992 1494 1018 15

91 1042 252 1082 multae
278 1043 513 1092 variaeque
541 1043 624 1081 sint
645 1047 756 1081 artes
777 1044 921 1088 animi,
950 1043 1108 1092 quibus
1129 1054 1299 1082 summa
1321 1043 1438 1082 clari-

92 1102 197 1141 tudo
226 1106 407 1150 paratur.

43 1161 68 1200 3
149 1160 308 1200 Verum
331 1172 382 1200 ex
404 1161 455 1200 iis
477 1161 751 1210 magistratus
773 1165 813 1200 et
834 1161 1025 1210 imperia,
1053 1166 1272 1210 postremo
1296 1163 1437 1201 omnis

91 1231 191 1259 cura
228 1231 367 1259 rerum
402 1219 669 1269 publicarum
704 1221 897 1259 minume
930 1220 1034 1258 mihi
1067 1220 1147 1259 hac
1180 1225 1438 1270 tempestate

91 1279 311 1328 cupiunda
337 1279 548 1324 videntur,
575 1280 783 1328 quoniam
812 1290 955 1328 neque
980 1280 1124 1318 virtuti
1151 1279 1292 1319 honos
1313 1280 1438 1319 datur
1456 1287 1496 1314 2ss

90 1349 234 1387 neque
255 1338 326 1384 illi,
348 1338 505 1387 quibus
528 1349 603 1387 per
622 1338 817 1377 fraudem
840 1339 905 1377 ius
927 1338 1014 1384 tuit,
1034 1339 1111 1377 tuti
1132 1343 1205 1377 aut
1227 1350 1278 1378 eo
1298 1340 1438 1388 magis

43 1401 63 1432 2
91 1397 262 1436 honesti
289 1402 400 1437 sunt.
440 1408 539 1436 nam
561 1398 604 1436 vi
625 1397 801 1446 quidem
825 1408 971 1447 regere
992 1398 1171 1446 patriam
1194 1402 1267 1437 aut
1288 1409 1442 1447 paren-v

90 1457 154 1501 tis,
188 1467 454 1505 quamquam
483 1463 523 1495 et
551 1457 693 1505 possis
722 1462 761 1495 et
789 1456 945 1496 delicta
972 1457 1171 1505 corrigas,
1204 1462 1349 1496 tamen
1376 1458 1441 1496 in-,

91 1519 323 1564 portunum
340 1521 414 1561 est,
436 1527 568 1564 quom
586 1516 835 1564 praesertim
851 1527 1004 1555 omnes
1021 1527 1157 1555 rerum
1174 1516 1436 1556 mutationes

44 1579 63 1610 3
91 1574 283 1620 caedem,
298 1574 444 1624 fugam
460 1575 632 1623 aliaque
648 1574 821 1614 hostilia
837 1575 1106 1624 portendant.
1128 1575 1278 1614 frustra
1289 1580 1434 1615 autern
1455 1582 1495 1609 25

90 1635 165 1673 niti
199 1645 343 1683 neque
376 1634 493 1672 aliud
522 1645 567 1672 se
595 1633 817 1683 fatigando
846 1635 927 1673 nisi
955 1634 1104 1673 odium
1132 1645 1338 1683 quaerere
1365 1645 1435 1674 ex-

41 1698 62 1728 4
89 1697 251 1732 tremae
290 1693 536 1732 dementiae
575 1698 655 1737 est;
694 1694 775 1732 nisi
816 1693 922 1732 forte
961 1704 1091 1742 quern
1128 1693 1357 1732 inhonesta
1393 1698 1434 1733 et

90 1753 331 1800 perniciosa
353 1752 502 1792 lubido
524 1756 640 1791 tenet
662 1753 882 1800 potentiae
903 1763 1139 1801 paucorum
1155 1752 1287 1791 decus
1302 1756 1434 1801 atque

89 1811 328 1850 libertatem
356 1822 479 1850 suam
506 1810 745 1860 gratificari.

147 1962 239 1995 3-7
271 1966 429 1995 ceterum
467 1964 586 1995 studia
625 1965 749 1996 omnia
787 1968 909 1995 nostra
941 1964 1045 1995 sicuti
1077 1964 1198 1994 anima
1229 1963 1432 1995 inmortalia

88 2013 170 2041 sunt
194 2010 293 2043 Serv.
314 2011 401 2042 Aen.
421 2014 451 2049 9,
465 2015 505 2042 95
573 2010 594 2042 8
615 2012 813 2050 omniaque
835 2035 843 2042 .
859 2035 866 2042 .
882 2034 890 2042 .
910 2013 1107 2042 senescunt
1125 2010 1224 2042 Hier.
1245 2011 1281 2042 in
1302 2010 1431 2042 Ezech.

85 2058 206 2097 praef.
227 2058 319 2096 Any.
340 2059 447 2097 epist,
469 2062 539 2096 166,
555 2063 592 2089 14
621 2057 823 2090 Commeat.
844 2059 978 2090 Lucan.
1000 2061 1027 2096 1,
1040 2061 1079 2089 81
1182 2058 1305 2089 omnia
1330 2057 1431 2089 Hier.

88 2104 180 2143 Any.
256 2104 298 2135 15
325 2113 435 2143 quom
457 2129 465 2137 .
481 2128 490 2136 .
506 2128 514 2137 .
536 2108 677 2144 paratur
702 2105 797 2137 Non.
814 2115 852 2145 ρ.
871 2109 956 2143 82,2
1029 2104 1069 2136 21
1099 2105 1155 2136 ius
1181 2106 1236 2136 vel
1261 2105 1315 2136 vis
1341 2099 1428 2136 A²B

88 2147 364 2192 HMT(?)DFn
391 2152 434 2184 iis
460 2147 620 2184 PN¹K²1
648 2161 689 2184 us
715 2148 805 2184 K'm
832 2153 888 2184 his
913 2147 965 2183 A¹
991 2153 1020 2182 is
1046 2147 1096 2183 Ν2
1122 2160 1210 2183 usus
1235 2147 1317 2183 (ΣΤἓ
1365 2151 1430 2183 fuit

87 2198 201 2230 NKM
237 2198 302 2229 fuit
339 2200 389 2230 uti
428 2195 654 2231 PA¹DT1²s
692 2200 757 2231 fuit
794 2200 920 2239 utique
957 2193 1200 2230 A²BHDF1¹
1238 2199 1363 2238 utique
1395 2207 1429 2229 m

145 2245 191 2277 25
217 2245 344 2277 frustra
363 2269 371 2278 .
387 2269 395 2278 .
408 2269 416 2278 .
437 2247 621 2279 dementia
640 2250 695 2278 est
713 2247 813 2278 Hier.
834 2248 872 2279 ἰη
891 2246 1022 2278 Ezram
1040 2246 1162 2286 praef.
1222 2245 1268 2278 26
1287 2246 1403 2279 nisi..
1416 2266 1430 2280 .

86 2292 279 2338 gratificari
304 2292 412 2325 Aras.
431 2303 588 2333 gramm.
607 2294 664 2326 VII
686 2298 757 2333 476,
774 2297 812 2325 13
884 2294 929 2325 27
955 2297 991 2325 et
1016 2302 1116 2332 pern.
1142 2302 1214 2326 om.
1232 2293 1339 2325 Arm.
