1593 2496
147 68 203 108 94
575 62 615 99 c.
637 62 880 100 SALLUSTI
907 62 1065 100 CRISPI

146 187 291 226 neque
319 175 448 225 plane
475 175 676 216 occultati
704 176 945 215 humilitate
972 176 1173 216 arborum
1201 182 1242 216 et
1269 182 1414 227 tamen
1436 178 1498 216 in-

147 236 259 282 certi,
284 235 492 285 quidnam
515 239 640 281 esset,
663 247 797 285 quom
819 240 972 274 natura
992 235 1074 275 loci
1095 240 1187 274 tum
1209 236 1416 285 dolo·ipsi
1437 241 1497 276 at-

146 306 232 345 que
259 295 384 345 signa
405 294 603 346 militaria
625 295 841 334 obscurati
857 315 924 341 -—,
945 295 1046 334 dein
1062 295 1181 334 brevi
1198 296 1381 346 cognitis
1397 296 1498 335 insi-

99 358 119 388 6
146 355 228 394 diis
245 354 463 404 paulisper
478 364 637 403 agmen
654 354 884 394 constituit.
918 354 975 393 ibi
992 355 1252 394 conmutatis
1272 354 1496 395 ordinibus

145 415 188 454 in
202 414 351 453 dextro
379 413 522 457 latere,
549 412 666 462 quod
691 424 952 462 proxumum
974 413 1111 453 hostis
1133 418 1232 459 erat,
1259 414 1496 463 triplicibus

145 472 350 513 subsidiis
367 472 504 511 aciem
521 473 729 518 instruxit,
745 473 852 511 inter
867 472 1116 522 manipulos
1128 472 1366 513 funditores
1379 480 1419 512 et
1431 484 1498 512 sa-

145 532 339 584 gittarios
367 531 572 580 dispertit,
600 532 839 580 equitatum
868 543 1044 571 omnem
1073 532 1115 570 in
1143 532 1345 572 cornibus
1371 532 1497 579 locat,

146 603 196 632 ac
222 601 363 641 pauca
390 602 466 639 pro
495 596 690 640 tempore
717 591 873 630 milites
898 591 1092 631 hortatus
1114 592 1264 638 aciem,
1291 592 1415 631 sicuti
1436 593 1498 630 in-

80 651 364 696 50struxerat,
392 651 649 689 transvorsis
678 650 899 699 principiis
927 650 969 689 in
998 649 1177 699 planum
1199 650 1385 690 deducit.
1419 650 1497 690 sed

147 711 219 750 ubi
247 709 458 749 Numidas
486 710 658 759 quietos
680 721 824 759 neque
846 708 955 749 colle
977 709 1155 759 degredi
1178 710 1497 757 animadvortit,

146 770 306 810 veritus
341 780 392 808 ex
430 769 531 807 anni
564 772 760 818 tempore
788 773 829 808 et
857 769 1005 818 inopia
1031 780 1185 818 aquae,
1219 781 1274 808 ne
1300 770 1368 808 siti
1395 780 1497 808 con-

144 830 340 869 ficeretur
367 829 590 874 exercitus,
617 827 822 867 Rutilium
850 828 1042 878 legatum
1071 840 1168 867 cum
1194 829 1406 877 expeditis
1429 839 1499 868 co-

144 888 341 928 hortibus
368 891 409 927 et
436 892 555 936 parte
583 889 777 937 equitum
806 888 1025 936 praemisit
1058 888 1113 926 ad
1141 887 1316 934 flumen,
1344 888 1402 927 uti
1436 887 1498 928 lo-

145 959 242 988 cum
263 947 409 987 castris
424 951 712 996 antecaperet,
734 947 1000 986 existumans
1016 946 1152 986 hostis
1169 947 1315 987 crebro
1332 948 1497 996 impetu

146 1012 187 1048 et
207 1007 463 1046 transvorsis
480 1006 656 1055 proeliis
671 1008 748 1045 iter
763 1017 889 1046 suom
907 1011 1196 1046 remoraturos
1212 1010 1264 1052 et,
1287 1007 1496 1056 quoniam

145 1067 274 1106 armis
302 1065 556 1111 diffiderent,
583 1062 885 1104 lassitudinem
914 1070 953 1105 et
975 1066 1088 1104 sitim
1111 1065 1294 1104 militum
1317 1070 1498 1114 tempta-

97 1128 118 1160 2
144 1130 274 1166 turos.
314 1125 473 1165 deinde
500 1125 593 1174 ipse
621 1136 697 1174 pro
726 1136 768 1164 re
796 1129 926 1174 atque
953 1125 1063 1170 loco,
1097 1125 1220 1164 sicuti
1248 1129 1397 1165 monte
1425 1125 1498 1164 de-

146 1185 382 1230 scenderat,
399 1184 607 1233 paulatim
624 1184 869 1233 procedere,
886 1184 1067 1223 Marium
1085 1188 1183 1233 post
1199 1184 1409 1233 principia
1424 1183 1498 1222 ha-

145 1245 259 1290 bere,
287 1245 380 1293 ipse
408 1255 505 1283 cum
534 1244 731 1283 sinistrae
758 1242 852 1283 alae
881 1243 1100 1292 equitibus
1127 1254 1236 1289 esse,
1265 1244 1338 1292 qui
1361 1244 1402 1282 in
1424 1254 1497 1293 ag-

146 1305 263 1343 mine
292 1304 506 1353 principes
534 1303 632 1342 facti
661 1308 792 1342 erant.

98 1366 118 1397 3
205 1363 485 1413 AtIugurtha,
507 1363 580 1401 ubi
603 1366 841 1402 extremum
857 1373 1016 1412 agmen
1031 1361 1194 1401 Metelli
1210 1363 1371 1411 primos
1393 1372 1497 1400 suos

147 1427 513 1472 praetergressum
535 1422 664 1468 videt,
694 1422 910 1471 praesidio
933 1422 1058 1470 quasi
1080 1421 1215 1460 duum
1237 1420 1403 1460 milium
1426 1431 1498 1469 pe-

146 1482 283 1520 ditum
317 1486 510 1521 montem
544 1486 740 1530 occupat,
774 1492 860 1530 qua
887 1480 1087 1520 Metellus
1115 1480 1410 1525 descenderat,
1443 1490 1499 1519 ne

146 1541 253 1581 forte
276 1541 529 1580 cedentibus
551 1540 812 1580 advorsariis
833 1540 1024 1589 receptui
1046 1551 1097 1578 ac
1112 1543 1211 1588 post
1226 1540 1496 1578 munimento

100 1603 119 1633 4
147 1600 265 1640 foret.
306 1600 405 1639 dein
433 1604 610 1649 repente
637 1600 764 1649 signo
787 1600 888 1639 dato
910 1599 1046 1638 hostis
1068 1599 1244 1638 invadit.
1281 1598 1497 1637 Numidae

147 1659 217 1698 alii
247 1664 490 1709 postremos
518 1659 711 1704 caedere,
740 1670 836 1708 pars
864 1670 889 1697 a
916 1659 1086 1697 sinistra
1113 1669 1163 1697 ac
1191 1658 1339 1697 dextra
1362 1661 1498 1706 temp-

147 1723 247 1764 tare,
276 1719 430 1758 infensi
457 1718 613 1757 adesse
640 1722 772 1767 atque
794 1719 962 1763 instare,
991 1717 1194 1757 omnibus
1216 1717 1321 1756 locis
1344 1715 1498 1756 Roma-

147 1789 301 1817 norum
330 1778 503 1817 ordines
531 1777 798 1817 conturbare.
835 1788 1019 1827 quorum
1049 1777 1176 1816 etiam
1205 1776 1278 1825 qui
1306 1775 1499 1815 firmiori-

148 1837 229 1876 bus
250 1838 406 1876 animis
428 1838 545 1876 obvii
563 1837 760 1876 hostibus
776 1837 953 1882 fuerant,
975 1836 1181 1875 ludificati
1198 1836 1359 1874 incerto
1376 1845 1498 1883 proe-

1527 421 1546 449 5

1519 717 1552 744 10

1519 1014 1552 1041 15

1517 1310 1553 1337 ΖΟ

1517 1606 1552 1634 25

149 1896 206 1936 lio
241 1897 322 1945 ipsi
351 1896 483 1936 modo
512 1897 681 1935 eminus
709 1896 1025 1940 sauciabantur,
1059 1905 1202 1943 neque
1224 1898 1372 1934 contra
1404 1893 1497 1933 feri·
1516 1902 1552 1930 30

99 1957 120 1988 5
147 1956 253 1994 undi
279 1960 353 1994 aut
380 1955 640 1995 conserundi
668 1966 845 1994 manum
868 1956 995 2004 copia
1016 1958 1114 1993 erat.
1154 1957 1253 1993 ante
1275 1954 1360 1992 iam
1381 1953 1497 1992 docti

147 2015 202 2054 ab
223 2015 427 2065 Iugurtha
449 2016 628 2064 equites,
650 2014 723 2053 ubi
745 2014 1038 2054 Romanorum
1060 2017 1200 2051 turma
1215 2013 1384 2062 insequi
1401 2023 1498 2051 coe-

148 2078 279 2123 perat,
312 2085 400 2113 non
434 2073 658 2113 confertim
692 2085 835 2122 neque
863 2074 904 2112 in
933 2084 1067 2111 unum
1096 2083 1193 2111 sese
1219 2071 1498 2120 recipiebant,

99 2134 121 2165 6
147 2133 225 2172 sed
252 2133 362 2172 alius
389 2133 475 2172 alio
503 2144 634 2182 quarn
664 2143 866 2172 maxume
894 2132 1066 2171 divorsi.
1104 2132 1162 2170 ita
1183 2141 1363 2170 numero
1386 2130 1498 2179 prio-

209 2225 252 2258 10
283 2226 460 2258 Numidas
482 2249 489 2257 .
505 2249 513 2257 .
529 2251 536 2257 .
558 2226 813 2257 animadvortit
840 2225 944 2257 Aras.
965 2233 1122 2264 gramm.
1139 2224 1197 2256 Vll
1213 2227 1285 2262 464,
1300 2227 1340 2255 25
1413 2224 1497 2255 colli

148 2274 255 2305 Aras.
330 2273 373 2304 22
401 2276 708 2312 praetergressum
730 2274 840 2312 vulyo
863 2275 1151 2310 praetergressos
1172 2272 1280 2303 codd.
1355 2269 1399 2302 29
1419 2269 1497 2302 fue-

150 2323 229 2352 runt
254 2317 419 2360 Y(-K)m
495 2320 538 2352 32
566 2321 627 2352 ubi
654 2315 811 2351 XN²l²n
839 2320 975 2358 ubique
1002 2314 1089 2350 ΝῙΙ1
1115 2319 1338 2357 ubicumque
1366 2318 1443 2349 rell.
