1593 2496
143 69 223 108 122
565 61 605 99 C.
626 62 869 100 SALLUSTI
897 63 1055 100 CRISPI

84 181 128 213 38
144 176 316 215 debitos
343 186 368 214 a
394 175 522 215 vobis
549 176 711 224 repetit.
740 180 927 215 ceterum
956 176 1156 216 homines
1177 177 1490 226 superbissumi

140 235 289 285 procul
323 239 472 274 errant.
512 235 698 274 maiores
732 246 881 274 eorum
909 237 1057 274 omnia
1084 247 1197 286 quae
1224 236 1381 276 licebat
1408 236 1491 276 illis

140 295 368 344 reliquere:
391 294 575 339 divitias,
596 294 822 344 imagineS,
843 296 1098 334 memoriam
1119 296 1185 334 sui
1207 295 1492 345 praeclaram;

138 355 339 393 virtutem
366 364 454 392 non
481 353 703 402 reliquere,
730 364 874 403 neque
900 358 1116 402 poterant:
1148 365 1200 394 ea
1226 355 1322 394 sola
1347 365 1491 404 neque

80 418 125 450 39
140 413 265 452 datur
285 413 403 452 dono
426 423 570 460 neque
591 413 808 461 accipitur.
835 413 1059 452 sordidum
1075 424 1145 453 me
1160 418 1201 453 et
1215 413 1385 453 incultis
1400 425 1489 454 mo·
1522 422 1541 450 5

140 473 257 512 ribus
285 473 416 517 aiunt,
450 472 552 520 quia
580 482 731 520 parum
759 472 864 511 scite
891 473 1140 511 convivium
1166 484 1327 512 exorno
1348 484 1491 522 neque

141 532 395 571 histrionem
429 529 564 568 ullum
593 541 737 579 neque
764 530 896 579 pluris
924 532 1029 580 preti
1057 543 1246 581 coquom
1275 543 1405 581 quam
1431 532 1492 571 vi-

81 596 128 628 40
142 591 272 630 licum
304 590 460 629 habeo.
499 600 612 638 quae
640 589 743 628 mihi
771 589 889 629 lubet
916 590 1120 636 confiteri,
1154 589 1353 634 Quirites.
1391 601 1491 629 narn

142 662 193 690 ex
222 654 398 699 parente
425 660 524 688 meo
553 653 594 688 et
614 660 666 688 ex
687 649 782 688 aliis
804 651 962 688 sanctis
982 650 1083 689 viris
1106 651 1163 689 ita
1183 651 1344 699 accepi,
1371 661 1493 689 mun-

141 710 268 748 ditias
295 708 559 753 mulieribus,
585 708 686 747 viris
711 708 904 748 laborem
928 710 1172 755 convenire,
1200 709 1494 758 omnibusque
1515 716 1549 745 10

141 769 269 809 bonis
291 772 489 817 oportere
511 767 607 816 plus
629 767 793 817 gloriae
815 779 946 817 quarn
966 768 1210 807 divitiarum
1228 779 1343 814 esse;
1363 779 1493 814 arma,

82 833 122 865 41
141 840 230 868 non
264 826 577 876 supellectilem
612 826 756 866 decori
789 838 896 866 esse.
937 828 1041 876 quin
1070 838 1185 877 ergo,
1218 827 1336 877 quod
1364 828 1494 873 iuvat,

144 887 263 937 quod
278 897 423 926 carum
440 890 696 932 aestumant,
712 886 753 924 id
770 897 941 935 semper
956 886 1129 926 faciant:
1151 892 1309 933 ament,
1324 891 1492 936 potent;

142 947 217 986 ubi
232 945 574 985 adulescentiam
591 945 794 991 habuere,
816 945 873 984 ibi
890 950 1156 985 senectutem
1172 950 1315 995 agant,
1336 947 1379 984 in
1395 957 1494 985 con-

141 1007 282 1052 viviis,
309 1005 443 1044 dediti
463 1005 601 1044 ventri
627 1009 667 1043 et
688 1006 977 1053 turpissumae
999 1006 1105 1054 parti
1127 1006 1336 1054 corporis;
1363 1004 1492 1044 sudo·
1516 1012 1550 1040 15

142 1077 244 1111 rem,
273 1065 495 1114 pulverem
524 1068 564 1103 et
585 1063 669 1102 alia
690 1064 791 1102 talia
812 1064 1055 1113 relinquant
1076 1064 1216 1110 nobis,
1243 1064 1402 1113 quibus
1423 1063 1496 1103 illa

84 1128 128 1160 42
145 1124 286 1174 epulis
315 1123 572 1163 iucundiora
598 1128 707 1162 sunt.
739 1134 889 1162 verum
917 1134 1005 1162 non
1034 1124 1090 1162 ita
1117 1128 1192 1162 est.
1224 1134 1325 1162 nam
1353 1123 1426 1162 ubi
1448 1133 1496 1162 se

143 1184 317 1234 flagitiis
343 1183 665 1222 dedecoravere
685 1183 935 1231 turpissumi
956 1183 1046 1228 viri,
1066 1183 1281 1222 bonorum
1304 1182 1495 1231 praemia

84 1248 128 1280 43
144 1248 338 1293 ereptum
368 1246 483 1282 eunt.
519 1242 576 1280 ita
603 1242 899 1280 iniustissume
926 1241 1092 1280 luxuria
1120 1246 1161 1280 et
1187 1242 1374 1291 ignavia,
1401 1252 1496 1290 pes-

145 1313 298 1342 sumae
332 1306 454 1347 artes,
491 1300 584 1346 illis,
622 1301 694 1350 qui
729 1301 901 1340 coluere
936 1311 1021 1346 eas,
1057 1300 1161 1339 nihil
1197 1300 1402 1347 officiunt,
1436 1300 1551 1339 rei20

146 1362 347 1412 publicae
375 1361 579 1400 innoxiae
607 1359 717 1399 cladi
745 1365 855 1399 sunt.

85 1426 130 1458 44
204 1421 330 1460 Nunc
352 1420 559 1469 quoniam
582 1419 676 1465 illis,
701 1424 911 1468 quantum
934 1420 1019 1458 mei
1040 1429 1194 1464 mores,
1216 1430 1305 1458 non
1326 1418 1495 1457 illorum

145 1480 310 1530 flagitia
333 1479 584 1529 poscebant,
606 1478 825 1530 respondi,
849 1489 988 1527 pauca
1009 1478 1064 1517 de
1086 1489 1128 1517 re
1144 1478 1318 1527 publica
1332 1477 1496 1527 loquar.

88 1545 132 1576 45
149 1540 334 1589 primurn
370 1538 565 1578 omnium
601 1537 654 1576 de
682 1537 887 1576 Numidia
915 1537 1079 1576 bonum
1107 1537 1263 1576 habete
1290 1537 1497 1582 animum,

147 1598 347 1642 Quirites.
385 1608 486 1636 nam
521 1607 635 1646 quae
668 1597 722 1635 ad
757 1597 840 1636 hoc
873 1601 1045 1645 tempus
1079 1596 1327 1646 Iugurtham
1361 1599 1551 1634 tutata25

147 1662 258 1703 sunt,
285 1658 433 1697 omnia
459 1657 719 1695 removistis:
747 1656 983 1702 avaritiam,
1011 1656 1252 1704 inperitiam
1277 1660 1407 1704 atque
1428 1666 1496 1693 su-

148 1717 362 1766 perbiam;
396 1715 554 1755 deinde
589 1716 797 1754 exercitus
830 1715 889 1754 ibi
921 1719 984 1754 est
1010 1714 1204 1754 locorum
1231 1715 1385 1759 sciens,
1418 1713 1494 1753 sed

87 1781 132 1812 46
147 1775 393 1816 mehercule
420 1775 559 1824 magis
581 1779 779 1814 strenuos
801 1785 931 1823 quarn
954 1774 1066 1819 felix,
1092 1784 1192 1812 nam
1217 1783 1497 1822 magnapars

88 1841 132 1871 47
150 1837 242 1875 eius
270 1835 450 1873 avaritia
471 1839 542 1872 aut
563 1834 800 1873 temeritate
822 1833 981 1872 ducum
1003 1833 1157 1871 adtrita
1177 1836 1252 1872 est.
1286 1842 1417 1881 quam
1440 1831 1496 1871 ob

147 1906 235 1934 rem
262 1906 355 1940 vos,
389 1894 545 1942 quibus
580 1893 772 1931 militaris
799 1897 918 1932 aetas
947 1896 1022 1938 est,
1054 1891 1296 1930 adnitimini
1324 1902 1495 1930 mecum
1515 1898 1551 1926 30

149 1958 189 1993 et
216 1954 429 2002 capessite
457 1964 545 1991 rem
581 1952 811 2000 publicam,
843 1962 987 2000 neque
1014 1961 1279 2000 quemquam
1308 1961 1359 1989 ex
1387 1949 1497 1988 cala-

209 2082 228 2113 5
256 2082 428 2113 incultum
455 2080 557 2112 VBn
644 2079 663 2111 8
690 2080 778 2111 libet
805 2080 892 2110 mihi
918 2079 950 2111 V
1036 2078 1057 2110 9
1085 2082 1120 2110 et
1146 2077 1204 2117 ex]
1233 2082 1268 2110 et
1293 2088 1321 2109 s.
1344 2088 1372 2110 s.
1393 2077 1425 2109 A
1452 2087 1497 2109 ex

149 2138 220 2161 om.
241 2125 321 2160 ΗΓ
392 2128 434 2159 10
461 2128 621 2159 laborem
648 2128 732 2158 viris
759 2126 906 2158 PCBls
983 2126 1021 2157 11
1052 2135 1123 2164 que
1145 2127 1252 2157 bonis
1273 2135 1343 2157 om.
1364 2125 1410 2156 Pl
1432 2125 1496 2157 bo-

150 2173 206 2207 nis
233 2185 261 2208 s.
283 2186 311 2207 s.
334 2175 360 2206 C
381 2185 451 2207 om.
472 2175 500 2206 B
585 2175 626 2206 12
653 2183 736 2206 esse
762 2183 791 2205 s.
813 2183 841 2205 s.
863 2168 971 2205 A²K²
991 2182 1061 2205 om.
1083 2173 1182 2204 Ysm
1259 2173 1300 2204 15
1327 2173 1496 2204 sudorem

150 2233 220 2255 om.
241 2223 273 2254 V
293 2232 321 2254 s.
342 2231 369 2254 s.
391 2232 423 2253 m
513 2221 554 2253 18
582 2222 752 2253 omnibus
779 2221 925 2260 flagitiis
952 2220 1016 2252 Vn
1074 2221 1138 2251 viri
1165 2230 1236 2252 om.
1256 2220 1288 2251 V
1361 2219 1405 2250 24
1432 2220 1497 2251 bo-

150 2280 236 2303 num
271 2271 428 2301 animum
464 2270 596 2301 habete
622 2269 654 2300 V
680 2269 813 2299 habete
841 2269 925 2300 bon.
948 2277 1004 2299 an.
1026 2268 1062 2299 M
1089 2268 1174 2299 bon.
1195 2268 1278 2298 hab.
1301 2267 1386 2298 bon.
1407 2275 1465 2298 an.
1485 2266 1497 2297 1

210 2317 253 2348 27
276 2315 353 2355 sed]
376 2321 410 2348 et
431 2317 462 2348 V
537 2316 580 2347 28
607 2316 830 2347 mehercules
854 2315 920 2347 VT
995 2315 1039 2346 29
1060 2318 1115 2347 est
1135 2324 1163 2346 s.
1184 2324 1213 2346 s.
1235 2313 1350 2346 ANm
1370 2322 1441 2346 om.
1461 2313 1498 2345 M
