1593 2496
397 39 673 76 cATiLmAE
700 38 1016 76 CONIURATIO
1046 43 1184 75 39—43
1409 45 1458 84 31

115 163 278 193 merces
306 153 347 191 in
377 163 454 201 spe
482 152 705 196 victoriae:
733 156 776 191 at
800 152 842 190 in
864 151 997 191 altera
1017 152 1204 192 maiores
1227 163 1346 201 opeS,
1374 158 1465 192 tuta

114 212 308 257 consilia,
341 222 417 261 pro
446 212 607 251 incerta
633 222 711 260 spe
739 217 852 250 certa
879 212 1082 260 praemia.
1118 211 1227 251 haec
1253 211 1336 251 illis
1372 212 1463 252 vol·
1491 223 1510 254 3

115 271 316 312 ventibus
361 270 537 310 tandem
582 270 683 309 vicit
728 271 898 310 fortuna
942 271 1000 309 rei
1047 270 1260 319 publicae.
1318 272 1464 320 itaque
1490 282 1511 312 4

115 331 165 376 Q.
193 331 324 370 Fabio
360 329 545 379 Sangae,
578 331 737 379 quoius
770 330 1008 379 patrocinio
1037 331 1189 369 civitas
1217 330 1463 379 plurumum

77 397 96 424 5
116 391 324 436 utebatur,
344 400 432 429 rem
455 400 643 435 omnem,
664 390 724 428 uti
743 394 1051 439 cognoverant,
1072 390 1281 438 aperiunt.
1315 388 1464 430 Cicero
1491 401 1512 432 5

116 461 189 499 per
216 448 406 498 Sangam
441 448 622 488 consilio
658 449 834 498 cognito
868 449 1022 498 legatis
1056 449 1275 498 praecipit,
1308 453 1353 488 ut
1380 454 1465 488 stu-

114 509 233 548 dium
257 508 567 548 coniurationis
582 507 864 547 vehementer
879 508 1094 553 simulent,
1113 513 1278 548 ceteros
1294 508 1465 554 adeant,

117 569 228 608 bene
262 567 545 617 polliceantur
577 567 769 616 dentque
800 579 990 616 operam,
1023 568 1081 606 uti
1112 579 1188 607 eos
1217 579 1348 616 quam
1377 578 1465 606 ma-

116 639 245 666 xume
272 626 540 666 manufestos
565 626 765 666 habeant.

63 693 96 720 10
175 686 315 726 Isdem
350 685 435 725 fere
469 686 736 734 temporibus
770 687 811 724 in
841 685 981 725 Gallia
1014 688 1208 726 citeriore
1241 692 1372 736 atque
1406 686 1530 731 ul-42

115 747 280 791 tenore,
308 746 409 784 item
431 745 473 783 in
495 755 599 795 agro
622 745 792 791 Piceno,
820 745 996 792 Bruttio,
1016 746 1176 795 Apulia
1199 751 1344 786 motus
1366 750 1466 786 erat.

114 816 306 854 namque
346 804 417 850 illi,
456 815 568 853 quos
601 810 702 843 ante
735 803 918 844 Catilina
954 805 1186 852 dimiserat,
1222 805 1466 845 inconsulte
1493 815 1513 847 2

114 875 165 904 ac
192 864 324 903 veluti
354 875 428 913 per
454 863 719 903 dementiam
745 869 899 903 cuncta
920 865 1047 904 simul
1070 865 1271 914 agebant.
1299 869 1467 905 noctur-

116 925 182 963 nis
228 923 432 968 consiliis,
475 934 691 962 armorum
738 928 869 973 atque
906 923 1089 964 telorum
1137 924 1467 973 portationibus,

42 989 97 1016 =¹5
118 982 375 1028 festinando,
402 982 609 1032 agitando
637 983 785 1022 omnia
813 983 910 1032 plus
936 984 1101 1023 timoris
1129 995 1260 1033 quam
1289 983 1466 1033 periculi

117 1042 357 1082 effecerant.
403 1053 455 1081 ex
489 1052 540 1081 eo
572 1053 752 1081 numero
781 1042 1015 1091 compluris
1044 1041 1093 1086 Q.
1116 1043 1316 1082 Metellus
1345 1041 1468 1082 Celer
1495 1053 1514 1084 3

118 1107 286 1151 praetor
320 1112 371 1140 ex
405 1105 581 1140 senatus
615 1101 814 1141 consulto
850 1112 982 1141 causa
1016 1103 1190 1152 cognita
1224 1103 1265 1140 in
1293 1102 1468 1142 vincula

117 1161 372 1206 coniecerat,
412 1161 513 1199 item
551 1160 592 1198 in
627 1161 821 1200 citeriore
855 1160 995 1200 Gallia
1029 1161 1072 1201 C.
1094 1162 1286 1207 Murena,
1320 1162 1393 1211 qui
1428 1163 1467 1202 ei

121 1220 369 1269 provinciae
397 1219 565 1269 legatus
593 1225 797 1268 praeerat.

64 1285 99 1312 2⁰
178 1279 230 1318 At
259 1278 423 1318 Romae
444 1278 650 1318 Lentulus
673 1291 771 1318 cum
796 1280 958 1326 ceteris,
986 1281 1059 1329 qui
1083 1281 1299 1329 principes
1320 1281 1533 1320 coniti-43

120 1339 296 1378 rationis
324 1343 454 1382 erant,
491 1338 648 1386 paratis
675 1344 720 1377 ut
746 1338 974 1378 videbatur
1000 1340 1172 1388 magnis
1200 1340 1338 1388 copiis
1368 1350 1467 1379 con-

119 1398 355 1443 stituerant,
381 1398 453 1442 uti,
481 1408 613 1445 quom
637 1396 819 1437 Catilina
842 1399 882 1436 in
911 1409 1061 1448 agrurn
1083 1398 1346 1438 Aefulanum
1370 1410 1467 1438 cum

119 1458 306 1496 exercitu
350 1457 555 1502 venisset,
600 1455 641 1496 L.
670 1457 814 1496 Bestia
850 1458 1045 1497 tribunus
1085 1458 1225 1506 plebis
1265 1459 1468 1498 contione

120 1516 268 1555 habita
294 1520 540 1565 quereretur
567 1515 620 1555 de
648 1517 892 1556 actionibus
915 1516 1132 1557 Ciceronis
1161 1517 1352 1567 bellique
1376 1529 1468 1567 gra-

65 1581 100 1608 25
120 1576 302 1614 vissumi
336 1575 544 1613 invidiam
582 1580 763 1624 optumo
792 1576 959 1615 consuli
988 1577 1232 1626 inponeret:
1261 1588 1312 1616 eo
1341 1578 1467 1626 signo

123 1645 335 1684 proxuma
371 1639 499 1674 nocte
536 1639 675 1674 cetera
714 1635 944 1674 multitudo
987 1637 1297 1676 coniurationis
1341 1647 1468 1676 suom

121 1695 308 1743 quisque
329 1694 553 1743 negotium
577 1700 871 1743 exequeretur.
897 1695 974 1734 sed
998 1706 1048 1734 ea
1071 1695 1211 1734 divisa
1233 1695 1316 1735 hoc
1334 1695 1467 1735 modo
1496 1700 1516 1731 2

121 1753 391 1792 dicebantur:
419 1751 610 1792 Statilius
639 1759 679 1792 et
701 1752 912 1793 Gabinius
940 1755 999 1792 uti
1028 1766 1126 1793 cum
1154 1766 1315 1804 magna
1336 1766 1467 1794 manu

123 1812 355 1851 duodecim
384 1812 511 1850 simul
540 1817 786 1862 opportuna
807 1813 903 1852 loca
924 1814 1040 1852 urbis
1063 1814 1353 1859 incenderent,
1380 1825 1467 1863 quo

67 1877 103 1905 30
122 1871 306 1910 tumultu
334 1871 497 1910 facilior
524 1872 666 1910 aditus
690 1872 745 1911 ad
768 1872 992 1912 consulem
1015 1878 1282 1922 ceterosque,
1309 1873 1469 1923 quibus

125 1930 307 1970 insidiae
335 1930 606 1979 parabantur,
632 1931 768 1977 fieret;
800 1931 1018 1981 Cethegus
1047 1931 1265 1972 Ciceronis
1293 1934 1468 1971 ianuam

124 1989 342 2030 obsideret
374 2001 564 2039 eumque
590 1991 631 2028 vi
660 1991 981 2040 aggrederetur;
1015 1991 1124 2030 alius
1152 1997 1295 2031 autern
1324 1991 1469 2036 alium,

185 2106 204 2137 6
238 2107 413 2145 praecipit
444 2107 576 2138 Linlter
610 2108 796 2146 praecepit
828 2109 934 2139 codd.
1027 2108 1067 2138 21
1097 2109 1359 2140 constituerant
1384 2103 1470 2139 PA¹

124 2149 294 2184 N¹H¹F1
316 2155 551 2186 constituerat
574 2151 987 2187 A²CBN³KH²Tsnm
1039 2155 1082 2186 22
1104 2155 1324 2186 Aefulanum
1346 2155 1471 2187 Κιιιιευ

126 2201 162 2232 ἰη
177 2201 271 2232 Berl.
293 2200 386 2232 Phil.
406 2201 526 2233 Woclz.
548 2206 637 2240 1912,
653 2205 713 2233 670
733 2212 801 2242 sqq
822 2202 1064 2234 Faesulanum
1085 2203 1192 2234 codd.
1255 2202 1299 2233 27
1315 2204 1471 2242 quisque

125 2249 236 2286 vulyo
264 2256 412 2287 quoque
433 2248 464 2279 Α
492 2258 649 2289 queque
676 2249 707 2280 N
729 2258 898 2288 quaeque
920 2250 997 2281 rell.
1073 2249 1116 2281 28
1137 2253 1172 2281 et
1193 2245 1280 2280 PA¹
1301 2259 1370 2281 om.
1393 2250 1470 2281 rell.

198 2295 240 2326 29
268 2296 505 2327 incenderent
531 2292 825 2328 PA¹NHT1sm
853 2297 1064 2328 incenderet
1091 2298 1168 2328 rell.
