1593 2496
394 36 666 72 CATILINAE
694 35 1011 74 CONIURATIO
1038 42 1178 73 56—58
1402 44 1460 84 49

111 149 184 188 tuli
225 154 431 199 quantam
469 150 550 198 ipsi
588 149 805 198 nobisque
841 149 1008 189 cladem
1046 150 1242 196 attulerit,
1281 163 1460 202 quoque

109 208 255 254 modo,
281 208 385 248 dum
414 219 467 248 ex
488 208 592 248 urbe
615 209 831 258 praesidia
852 210 1064 258 opperior,
1093 210 1133 248 in
1158 209 1341 249 Galliam
1366 222 1460 260 pro-

110 268 242 307 ticisci
269 268 551 317 nequiverim.
591 279 706 307 nunc
725 279 829 307 vero
851 279 938 317 quo
962 268 1058 308 loco
1081 280 1147 307 res
1168 274 1342 310 nostrae
1362 271 1458 316 sint,
1487 275 1513 306 5

110 329 226 366 iuxta
247 338 418 367 mecum
440 338 594 366 omnes
616 327 876 377 intellegitis.
910 328 1122 367 exercitus
1144 328 1334 368 hostium
1357 329 1457 375 duo,
1485 334 1512 365 6-

74 393 89 417 5
110 397 221 425 unus
242 386 297 425 ab
319 386 435 431 urbe,
463 386 568 426 alter
588 397 613 425 a
635 385 775 426 Gallia
797 387 988 432 obstant;
1016 387 1178 426 diutius
1200 389 1241 427 in
1264 388 1329 427 his
1351 387 1458 428 locis

109 456 218 491 esse,
249 446 284 484 si
312 456 516 485 maxume
542 446 714 484 animus
741 445 857 491 ferat,
890 446 1089 485 frumenti
1118 452 1249 496 atque
1275 447 1456 487 aliarum

109 516 245 544 rerum
283 509 455 554 egestas
492 504 707 554 prohibet;
747 516 1027 555 quocumque
1064 506 1122 545 ire
1159 506 1310 555 placet,
1348 507 1456 547 ferro
1486 511 1509 542 7

109 565 185 603 iter
217 564 505 613 aperiundum
539 568 615 604 est.
660 569 923 614 quapropter
955 576 1035 605 vos
1071 577 1243 612 moneo,
1276 567 1335 606 uti
1363 566 1456 606 forti
1486 571 1512 602 8-

107 628 238 673 atque
259 628 408 672 parato
430 625 576 663 animo
599 624 690 663 sitis
718 628 770 669 et,
791 635 924 673 quom
948 624 1158 673 proelium
1177 626 1350 672 inibitis,
1372 637 1459 665 me‘

56 688 90 713 10
109 683 315 722 mineritis
327 694 407 723 vos
419 683 604 728 divitias,
617 682 762 729 decus,
774 683 968 733 gloriam,
982 689 1203 732 praeterea
1216 685 1455 725 libertatem

109 747 239 791 atque
272 743 452 791 patriam
488 743 529 781 in
564 742 725 781 dextris
758 744 914 782 vostris
943 749 1122 792 portare.
1168 745 1203 783 si
1230 745 1458 790 vincimus,
1485 750 1508 781 9

109 802 257 841 omnia
283 801 410 841 nobis
438 806 528 841 tuta
549 806 688 841 erunt:
716 806 985 841 commeatus
1007 803 1194 849 abunde,
1222 804 1459 853 municipia

109 865 239 909 atque
261 860 460 900 coloniae
483 861 708 910 patebunt;
730 861 765 900 si
787 866 903 900 metu
923 863 1193 909 cesserimus,
1215 863 1369 903 eadem
1386 863 1459 902 illa

111 919 297 959 advorsa
318 920 433 967 fient,
454 931 598 969 neque
617 919 738 960 locus
753 931 896 970 neque
912 921 1077 960 amicus
1093 922 1326 971 quisquam
1342 927 1458 972 teget
1477 928 1524 959 to

57 987 89 1012 ἰδ
110 990 240 1028 quem
261 990 380 1018 arma
400 991 488 1019 non
510 980 701 1019 texerint.
741 984 973 1028 praeterea,
1001 981 1169 1027 milites,
1191 993 1279 1021 non
1302 982 1456 1021 eadem
1475 987 1518 1019 11

110 1038 236 1077 nobis
263 1042 304 1078 et
331 1038 414 1078 illis
441 1038 719 1078 necessitudo
748 1039 971 1088 inpendet:
999 1051 1080 1079 nos
1109 1051 1184 1089 pro
1206 1042 1353 1090 patria,
1381 1052 1457 1090 pro

111 1097 315 1143 libertate,
350 1109 425 1147 pro
458 1098 547 1137 vita
580 1102 812 1143 certamus;
847 1098 929 1138 illis
956 1110 1361 1148 supervacuaneum
1395 1106 1459 1140 est

110 1167 304 1207 pugnare
334 1168 410 1206 pro
439 1158 633 1206 potentia
660 1168 910 1207 paucorum.
956 1169 1043 1207 quo
1071 1159 1282 1199 audacius
1309 1170 1458 1210 aggre-
1477 1166 1524 1197 122

109 1216 259 1255 dimini
304 1227 520 1256 memores
562 1217 767 1266 pristinae
804 1218 982 1257 virtutis.
1033 1217 1151 1257 licuit
1188 1219 1316 1258 vobis
1355 1230 1454 1258 cum
1475 1225 1524 1257 13

54 1283 89 1308 20
109 1286 280 1314 summa
314 1276 580 1325 turpitudine
616 1276 659 1314 in
695 1275 825 1316 exilio
858 1281 1045 1316 aetatem
1079 1288 1219 1327 agere,
1255 1279 1457 1327 potuistis

109 1334 304 1374 nonnulli
332 1334 497 1374 Romae
531 1335 702 1374 amissis
730 1335 857 1375 bonis
884 1336 1049 1375 alienas
1077 1347 1184 1385 opes
1213 1342 1457 1386 expectare:

109 1395 210 1442 quia
238 1393 309 1432 illa
336 1393 465 1433 foeda
485 1398 616 1443 atque
637 1394 908 1434 intoleranda
928 1396 1029 1434 viris
1050 1396 1321 1443 videbantur,
1348 1397 1456 1437 haec
1475 1405 1519 1437 14

109 1454 231 1502 sequi
253 1453 516 1493 decrevistis.
548 1454 583 1492 si
605 1453 713 1493 haec
727 1453 968 1503 relinquere
982 1454 1124 1500 voltis,
1145 1456 1330 1495 audacia
1345 1467 1457 1505 opus
1474 1463 1522 1496 15

109 1516 189 1551 est:
216 1523 346 1552 nemo
368 1513 450 1551 nisi
471 1513 607 1552 victor
628 1524 735 1562 pace
755 1513 918 1553 bellurn
940 1515 1134 1554 mutavit.
1167 1526 1267 1554 narn
1291 1516 1332 1554 in
1354 1515 1456 1565 tuga
1474 1523 1521 1555 16

54 1579 89 1604 25
109 1571 292 1611 salutem
320 1583 504 1620 sperare,
531 1583 665 1621 quom
692 1583 822 1619 arma,
849 1573 1008 1622 quibus
1029 1584 1186 1622 corpus
1208 1575 1374 1624 tegitur,
1401 1574 1456 1614 ab

110 1631 307 1671 hostibus
346 1631 565 1677 avorteris,
604 1642 656 1671 ea
689 1643 793 1671 vero
830 1631 1050 1672 dementia
1087 1637 1161 1673 est.
1207 1644 1378 1683 semper
1414 1635 1520 1673 int?

109 1690 274 1738 proelio
296 1690 347 1729 iis
362 1701 614 1730 maxumum
632 1695 695 1730 est
710 1691 959 1740 periculum,
981 1692 1054 1741 qui
1071 1703 1274 1732 maxume
1288 1694 1456 1745 timent:

109 1749 292 1788 audacia
319 1760 395 1798 pro
424 1761 546 1789 muro
574 1749 766 1790 habetur.

169 1807 313 1852 Quom
346 1820 427 1848 vos
460 1809 701 1854 considero,
736 1809 905 1855 milites,
939 1814 979 1849 et
1013 1821 1147 1859 quom
1175 1811 1286 1850 facta
1311 1816 1521 1852 vostratss

61 1873 91 1899 >0
110 1872 321 1914 aestumo,
347 1878 509 1918 magna
535 1879 605 1907 me
629 1879 730 1917 spes
750 1869 956 1908 victoriae
977 1874 1104 1909 tenet.
1144 1871 1315 1909 animus
1335 1875 1456 1910 aetas
1474 1879 1519 1912 19

108 1927 241 1965 virtus
266 1931 413 1967 vostra
433 1938 503 1966 me
524 1927 757 1973 hortantur,
785 1932 1006 1976 praeterea
1026 1929 1316 1975 necessitudo,
1343 1940 1458 1979 quae

110 1986 239 2024 etiam
273 1986 449 2026 timidos
483 1986 601 2026 fortis
635 1986 745 2026 facit.
790 1998 890 2026 narn
925 1987 1156 2028 multitudo
1185 1988 1374 2028 hostium
1402 2000 1457 2029 ne
1472 1999 1521 2031 20

170 2096 213 2127 14
239 2096 328 2135 tegit
353 2096 386 2128 V
460 2097 502 2129 17
525 2105 863 2136 supervacuaneum
884 2097 912 2130 P
937 2085 1255 2146 supervacssneum
1288 2100 1299 2131 l
1331 2108 1456 2139 super-

108 2157 310 2181 vacaneum
346 2151 421 2182 rell.
524 2150 566 2182 18
598 2158 762 2189 pugnare
796 2159 860 2189 pro
891 2154 965 2190 pot.
986 2160 1091 2190 pauc.
1111 2152 1461 2185 VACNKMTnm

110 2205 175 2235 pro
193 2200 267 2235 pot.
287 2205 392 2235 pauc.
414 2206 526 2237 pugn.
543 2197 650 2229 PBH
658 2197 772 2228 DFls
833 2199 1075 2237 aggredimini
1089 2199 1176 2232 VCl
1191 2201 1461 2240 aggrediamini,

112 2244 188 2276 rell.
265 2243 307 2275 19
332 2245 439 2276 vobis
464 2240 674 2277 VP³C²Dn
702 2245 809 2276 nobis
836 2246 913 2277 rell.
987 2245 1033 2278 28
1053 2247 1208 2279 audacia
1228 2271 1236 2279 .
1252 2271 1260 2280 .
1276 2272 1284 2280 .
1304 2248 1458 2280 habetur

110 2290 204 2322 Non.
222 2300 260 2330 p.
279 2294 411 2330 2422st
431 2295 540 2331 43l,5.
560 2295 681 2331 442,18
730 2292 771 2324 31
802 2295 988 2331 praeterea
1003 2318 1011 2326 .
1027 2318 1035 2326 .
1051 2318 1058 2326 .
1074 2293 1159 2326 iacit
1177 2294 1272 2326 Νοη.
1283 2305 1321 2335 ρ.
1334 2298 1464 2334 353,38
