1593 2496
102 87 159 127 30
538 78 577 116 C.
599 78 843 116 SALLUSTI
871 78 1029 115 CRISPI

103 197 394 242 praeceperat,
435 202 738 241 quoscumque
777 190 971 231 moribus
1010 195 1083 230 aut
1121 191 1291 231 fortuna
1329 191 1456 230 novis

102 252 234 292 rebus
271 251 458 292 idoneos
486 251 700 296 credebat,
727 255 801 290 aut
828 261 902 299 per
929 261 976 289 se
1004 254 1077 290 aut
1104 261 1178 300 per
1204 249 1314 290 alios
1341 248 1456 289 solli-

104 311 276 357 citabat,
303 321 449 360 neque
475 310 619 350 solum
647 310 754 349 civis
788 309 865 349 sed
894 309 1143 359 quoiusque
1169 309 1289 349 modi
1316 319 1457 358 genus

35 370 346 416 40hominum,
379 369 500 419 quod
533 369 667 409 modo
704 368 820 408 bello
854 369 952 408 usui
985 368 1104 408 foret.
1139 369 1267 418 igitur
1293 367 1335 408 P.
1356 367 1457 407 Um-

102 430 239 470 breno
273 429 484 479 quoidam
511 429 737 479 negotium
765 428 850 474 dat,
883 428 942 467 uti
969 427 1138 478 legatos
1167 427 1455 477 Allobrogum
1494 435 1512 460 5
1564 435 1565 438 ’

102 489 290 539 requirat
317 499 495 538 eosque,
528 488 564 527 si
591 488 741 537 possit,
775 486 953 537 inpellat
980 486 1034 526 ad
1062 487 1315 526 societatem
1341 485 1457 532 belli,

104 549 373 589 existumans
401 546 574 596 publice
601 547 889 596 privatimque
917 557 1015 585 aere
1042 546 1185 586 alieno
1208 556 1456 595 oppressos,

103 612 327 657 praeterea
371 606 491 656 quod
536 610 691 645 natura
730 616 838 655 gens
878 604 1043 644 Gallica
1082 605 1293 645 bellicosa
1331 609 1457 650 esset,

56 670 78 703 2
105 666 232 706 facile
264 677 342 706 eos
374 666 430 705 ad
467 665 551 704 tale
585 665 814 705 consilium
849 664 1007 704 adduci
1035 675 1179 713 posse.
1212 663 1456 703 Umbrenus

103 725 226 776 quod
263 726 307 765 in
340 724 481 765 Gallia
516 725 768 774 negotiatus
802 729 901 770 erat,
940 723 1157 773 plerisque
1191 722 1456 772 principibus
1478 729 1512 756 1⁰

103 785 345 825 civitatium
384 789 514 824 notus
552 788 641 824 erat
674 788 804 832 atque
838 794 915 822 eos
948 788 1138 822 noverat.
1185 783 1331 832 itaque
1364 783 1457 821 sine

104 855 238 890 mora,
274 844 348 883 ubi
382 844 566 892 primum
600 842 768 892 legatos
803 843 845 880 in
879 842 971 882 foro
1006 842 1244 891 conspexit,
1281 852 1457 890 percon-

103 908 225 944 tatus¹
252 914 393 952 pauca
429 902 484 942 de
515 907 628 942 statu
656 902 840 941 civitatis
868 906 908 941 et
936 902 1060 951 quasi
1089 901 1243 940 dolens
1271 901 1364 940 eius
1391 912 1458 939 ca-

105 974 203 1002 sum
232 963 447 1012 requirere
473 962 628 1011 coepit,
662 972 791 1010 quem
818 961 979 1000 exitum
1006 961 1135 999 tantis
1162 959 1288 999 malis
1316 970 1459 1009 spera-

57 1026 79 1059 3
104 1026 208 1063 rent.
249 1025 485 1071 postquam
517 1020 615 1061 illos
648 1020 767 1060 videt
799 1020 920 1070 queri
949 1019 1002 1059 de
1030 1020 1210 1059 avaritia
1236 1019 1458 1069 magistra-
1479 1024 1513 1051 15

106 1086 242 1127 tuum,
268 1091 473 1120 accusare
500 1085 713 1125 senatum,
741 1079 859 1129 quod
888 1080 930 1117 in
959 1090 1011 1118 eo
1040 1078 1170 1117 auxili
1198 1078 1304 1117 nihil
1332 1085 1458 1124 esset,

105 1140 292 1181 miseriis
320 1140 410 1179 suis
438 1139 678 1179 remedium
706 1144 889 1179 mortem
918 1142 1157 1187 expectare,
1185 1133 1243 1176 tat
1270 1133 1370 1187 ego'
1397 1137 1458 1176 in-

106 1200 199 1250 quit
221 1195 378 1245 ‘vobis,
399 1200 435 1239 si
456 1199 590 1239 modo
611 1198 690 1238 viri
711 1209 808 1238 esse
826 1198 968 1247 voltis,
990 1198 1200 1237 rationem
1216 1196 1458 1242 ostendam,

55 1262 80 1295 4
106 1270 193 1310 qua
224 1262 343 1298 tanta
370 1259 451 1297 ista
477 1258 592 1297 mala
613 1254 858 1307 effugiatis'.
894 1257 1002 1296 haec
1023 1256 1096 1295 ubi
1119 1256 1235 1302 dixit,
1261 1255 1459 1295 Allobro-

104 1329 185 1369 ges
224 1319 267 1358 in
301 1329 550 1357 maxumam
585 1328 707 1366 spem
742 1316 916 1355 adducti
950 1315 1215 1354 Umbrenum
1251 1326 1383 1361 orare,
1414 1320 1460 1354 ut
1479 1320 1514 1346 20

106 1378 175 1417 sui
202 1378 490 1417 misereretur:
519 1376 624 1415 nihil
653 1380 739 1415 tam
768 1387 970 1424 asperum
1000 1386 1143 1424 neque
1170 1379 1257 1413 tarn
1285 1373 1459 1413 difficile

107 1448 218 1483 esse,
245 1436 364 1486 quod
391 1447 479 1475 non
508 1435 805 1485 cupidissume
833 1435 980 1473 facturi
1011 1439 1167 1479 essent,
1195 1433 1299 1472 dum
1321 1429 1379 1472 ea
1393 1444 1459 1472 res

59 1501 80 1532 5
107 1497 325 1536 civitatem
371 1506 470 1535 aere
516 1495 659 1534 alieno
706 1494 914 1533 liberaret.
964 1493 1034 1533 ille
1080 1504 1156 1532 eos
1197 1493 1238 1531 in
1278 1492 1459 1532 domurn

107 1555 159 1595 D.
174 1555 290 1595 Bruti
313 1554 518 1604 perducit,
540 1554 659 1603 quod
683 1553 773 1593 loro
794 1554 1038 1602 propinqua
1055 1557 1142 1591 erat
1157 1563 1302 1600 neque
1317 1552 1459 1591 aliena

108 1614 263 1655 consili
292 1618 464 1663 propter
485 1613 807 1662 Semproniam3
835 1623 935 1650 nam
958 1616 1049 1650 tum
1070 1611 1225 1650 Brutus
1246 1611 1301 1650 ab
1322 1610 1460 1650 Roma
1478 1615 1514 1642 25

61 1678 83 1709 6
109 1674 270 1714 aberat.
315 1678 537 1722 praeterea
570 1671 803 1712 Gabinium
849 1672 1035 1716 arcessit,
1076 1681 1163 1719 quo
1198 1671 1336 1709 maior
1362 1681 1460 1708 auc-

109 1733 258 1773 toritas
303 1733 492 1772 sermoni
533 1733 705 1771 inesset.
755 1743 807 1770 eo
848 1735 1076 1779 praesente
1116 1730 1459 1769 coniurationem

110 1792 258 1841 aperit,
286 1792 481 1832 nominat
508 1791 664 1836 socios,
693 1795 913 1840 praeterea
940 1789 1099 1828 multos
1121 1789 1368 1837 quoiusque
1389 1799 1460 1837 ge-

109 1852 225 1891 neris
247 1851 462 1895 innoxios,
483 1861 571 1899 quo
593 1850 746 1899 legatis
763 1850 933 1887 animus
950 1847 1132 1897 amplior
1149 1852 1274 1886 esset.
1302 1847 1460 1886 deinde

46 1911 97 1950 41
114 1921 191 1951 eos
219 1909 436 1960 pollicitos
465 1921 642 1958 operam
671 1920 793 1947 suam
823 1908 1002 1948 domum
1024 1906 1207 1946 dimittit.
1247 1907 1324 1945 sed
1345 1906 1460 1945 Allo·
1479 1911 1515 1937 30

111 1970 271 2020 broges
292 1969 366 2008 diu
388 1970 431 2007 in
453 1970 614 2008 incerto
630 1968 832 2012 habuere,
855 1967 1063 2016 quidnam
1080 1965 1231 2005 consili
1248 1971 1460 2014 caperent.

65 2039 85 2069 2
111 2029 156 2068 in
182 2028 317 2068 altera
344 2034 462 2076 parte
490 2032 577 2067 erat
604 2039 678 2066 aes
707 2026 908 2071 alienum,
943 2025 1132 2064 studium
1162 2024 1274 2069 belli,
1302 2036 1461 2074 magna

175 2145 213 2176 11
255 2145 452 2176 civitatium
486 2140 575 2176 XN¹
613 2144 797 2176 civitatum
826 2144 903 2174 rell.
1004 2141 1046 2172 13
1073 2145 1108 2173 et
1135 2142 1238 2180 quasi
1262 2165 1292 2172 ..
1309 2165 1316 2172 .
1337 2148 1459 2172 casum

112 2193 387 2232 Aras.yran1n1.
407 2192 465 2223 Vl!
477 2196 546 2229 464,
559 2196 576 2223 7
589 2192 703 2223 Prisc.
718 2199 874 2227 qramm.
888 2189 938 2221 ΙΙΙ
949 2193 1059 2227 281,“-).
1091 2192 1191 2227 307,9
1241 2188 1285 2219 25
1305 2196 1389 2218 nam
1405 2211 1412 2217 .
1429 2211 1437 2218 .
1454 2212 1460 2217 .

113 2241 239 2272 aberat
264 2240 373 2271 Ρνοὶ).
395 2240 480 2271 inst.
501 2249 659 2279 yramm.
680 2237 728 2270 IV
745 2241 815 2275 150,
831 2241 881 2269 20.
914 2241 956 2268 26
974 2236 1075 2276 δἐι-9.
1096 2245 1252 2275 yramm.
1272 2234 1320 2266 IV
1335 2238 1406 2272 511,
1421 2237 1461 2265 30

113 2288 228 2320 Prisc.
248 2295 405 2326 yramm.
427 2286 475 2318 111
498 2290 548 2324 66,
566 2290 603 2317 15
700 2286 746 2317 ab
773 2284 888 2316 Roma
915 2284 1022 2315 Proh.
1045 2283 1146 2322 Ser-9.
1167 2283 1282 2314 Prisc.
1310 2283 1354 2312 ab
1381 2291 1409 2312 s.
1432 2291 1460 2313 s,

114 2334 185 2365 BD
212 2344 283 2365 om.
305 2335 382 2365 rell.
404 2333 541 2366 Romae
567 2333 594 2364 P
