1593 2496
418 57 623 93 BELLUM
654 55 1017 92 IUGURTHINUM
1051 60 1185 91 14—17
1421 62 1476 101 67

122 176 250 211 natus
287 181 448 220 magna
483 179 582 218 pars
619 169 756 218 gratia
792 168 1029 217 depravata
1066 167 1325 208 Adherbalis
1363 168 1477 208 dicta

121 234 415 276 contemnere,
441 228 672 278 Iugurthae
693 228 894 267 virtutem
911 226 1118 267 extollere
1133 226 1357 273 laudibus;
1384 239 1477 278 gra-

122 291 192 335 tia,
218 299 342 335 voce,
370 288 560 338 denique
588 287 792 327 omnibus
814 286 958 326 modis
980 298 1057 335 pro
1079 286 1224 327 alieno
1247 286 1408 327 scelere
1436 292 1477 327 et

122 349 300 399 flagitio,
321 359 401 388 sua
422 347 546 397 quasi
563 357 639 396 pro
654 346 804 397 gloria,
826 346 1082 387 nitebantur.
1116 350 1159 385 at
1175 351 1324 386 contra
1336 348 1475 395 pauci,
1503 350 1524 382 3

77 417 96 445 5
121 408 279 458 quibus
306 407 473 448 bonum
499 411 541 446 et
567 417 758 456 aequom
786 405 947 445 divitiis
975 406 1116 445 carius
1144 410 1244 451 erat,
1272 405 1476 445 subveni-

120 467 286 507 undum
313 465 550 506 Adherbali
584 469 625 505 et
651 464 916 514 Hiempsalis
943 469 1126 505 mortem
1155 476 1307 505 severe
1335 465 1474 504 vindi-

120 527 307 566 candam
335 525 585 572 censebant,
612 525 689 564 sed
718 536 770 564 ex
798 524 1005 564 omnibus
1033 535 1238 564 maxume
1259 523 1473 564 Aemilius
1502 528 1521 559 4

119 585 320 632 Scaurus,
347 585 481 626 homo
508 583 668 625 nobilis
695 584 864 634 inpiger
892 583 1112 630 factiosus,
1139 584 1296 623 avidus
1323 588 1476 634 poten-

120 645 205 685 tiae
232 645 410 685 honoris
431 644 689 689 divitiarum,
717 648 907 683 ceterum
928 644 1033 683 vitia
1053 654 1132 683 sua
1154 642 1310 683 callide
1332 643 1475 683 occul-

65 712 101 740 10
120 710 227 744 tans.
267 705 302 744 is
330 708 563 754 postquam
590 703 709 743 videt
737 704 850 753 regis
878 703 1151 752 largitionem
1173 702 1389 742 famosam
1410 704 1473 742 in·
1499 706 1519 736 5

119 763 459 813 pudentemque,
485 764 659 810 veritus,
685 763 805 812 quod
833 764 875 801 in
904 762 977 802 tali
1003 774 1047 802 re
1075 762 1197 808 solet,
1225 773 1279 802 ne
1306 762 1475 811 polluta

120 823 294 862 licentia
321 822 530 862 invidiam
558 821 826 868 accenderet,
854 822 1049 861 animum
1077 833 1102 861 a
1129 826 1340 862 consueta
1366 821 1474 861 lubi-

120 882 221 922 dine
243 883 465 923 continuit.
498 881 599 921 vicit
619 886 766 921 tamen
788 882 830 920 in
849 886 1004 921 senatu
1018 892 1117 931 pars
1133 881 1216 928 illa,
1239 892 1352 931 quae
1366 892 1470 921 vero
1490 880 1542 918 16

119 943 304 991 pretium
325 945 400 981 aut
418 942 600 991 gratiam
616 940 893 981 anteferebat.
928 940 1149 980 decretum
1162 940 1220 987 fit,
1241 941 1301 980 uti
1318 940 1470 980 decem
1500 948 1520 979 2

67 1008 100 1036 15
122 1001 252 1052 legati
290 1012 484 1051 regnum,
524 1000 643 1049 quod
678 999 860 1050 Micipsa
893 1000 1149 1046 obtinuerat,
1189 1001 1297 1040 inter
1328 999 1474 1050 Iugur-

120 1060 239 1100 tham
262 1065 302 1100 et
323 1059 617 1100 Adherbalem
639 1059 892 1099 dividerent.
927 1060 1085 1109 quoius
1106 1059 1339 1109 legationis
1362 1060 1474 1109 prin-

120 1130 223 1169 ceps
251 1119 327 1159 fuit
354 1118 396 1159 L.
419 1117 632 1168 Opimius,
658 1119 792 1159 homo
821 1119 959 1158 clarus
982 1123 1023 1158 et
1044 1123 1134 1158 tum
1157 1120 1199 1158 in
1222 1124 1376 1158 senatu
1399 1130 1474 1168 po-

119 1184 227 1225 tens,
254 1179 358 1229 quia
383 1177 536 1218 consul
564 1177 607 1218 C.
630 1177 825 1218 Graccho
854 1182 895 1218 et
922 1178 976 1218 M.
993 1178 1144 1218 Fulvio
1167 1177 1321 1218 Flacco
1349 1179 1474 1218 inter-

119 1237 240 1278 fectis
268 1249 489 1278 acerrume
515 1238 740 1278 victoriam
764 1237 1001 1277 nobilitatis
1028 1239 1071 1277 in
1100 1237 1271 1287 plebem
1301 1248 1474 1277 exercu-

64 1304 102 1333 20
121 1302 221 1337 erat.
255 1309 353 1337 eum
375 1297 579 1347 Iugurtha
599 1297 770 1337 tametsi
791 1296 956 1337 Rornae
978 1298 1020 1336 in
1042 1298 1227 1336 inimicis
1249 1297 1470 1343 habuerat,
1499 1298 1519 1329 3

121 1361 266 1396 tamen
289 1357 625 1396 accuratissume
646 1357 817 1406 recepit,
838 1356 985 1396 dando
1008 1361 1049 1396 et
1070 1356 1320 1406 pollicendo
1338 1356 1474 1395 multa

122 1415 310 1465 perfecit,
342 1416 403 1455 uti
436 1415 563 1461 fama,
596 1415 695 1462 fide,
727 1420 948 1464 postremo
983 1416 1186 1455 omnibus
1220 1416 1309 1455 suis
1344 1416 1472 1455 rebus

121 1475 404 1515 commodum
426 1475 539 1525 regis
560 1474 796 1514 anteferret.
833 1474 1022 1524 reliquos
1044 1475 1213 1524 legatos
1230 1475 1385 1515 eadem
1401 1475 1472 1514 via
1499 1477 1519 1506 4

121 1545 354 1584 aggressus
379 1533 610 1583 plerosque
632 1535 756 1583 capit,
784 1535 934 1584 paucis
956 1535 1092 1574 carior
1113 1534 1223 1574 fides
1245 1545 1377 1584 quam
1400 1546 1472 1584 pe-

67 1600 103 1628 25
122 1594 250 1633 cunia
277 1593 364 1633 fuit.
402 1594 444 1632 in
472 1593 700 1639 divisione,
734 1605 846 1643 quae
874 1605 972 1643 pars
999 1593 1232 1633 Numidiae
1260 1593 1472 1633 Maureta·
1499 1594 1520 1625 5

120 1654 239 1692 niam
266 1653 447 1702 attingit,
473 1663 578 1702 agro
599 1653 789 1702 virisque
812 1653 1068 1702 opulentior,
1094 1652 1326 1703 Iugurthae
1348 1653 1473 1692 tradi-

120 1717 204 1758 tun
232 1712 349 1751 illam
371 1712 549 1751 alteram
571 1713 716 1761 specie
737 1723 869 1762 quam
891 1724 973 1752 usu
996 1713 1221 1762 potiorem,
1243 1723 1356 1762 quae
1378 1723 1473 1761 por·

120 1772 286 1811 tuosior
313 1776 353 1811 et
380 1770 588 1810 aedificiis
610 1772 749 1821 magis
771 1776 977 1811 exornata
999 1776 1099 1817 erat,
1132 1770 1351 1810 Adherbal
1375 1783 1473 1820 pos-

123 1830 245 1870 sedit.

68 1896 104 1924 30
182 1888 265 1929 Res
293 1889 512 1938 postulare
540 1888 708 1929 videtur
728 1890 896 1930 Africae
925 1891 1053 1929 situm
1082 1890 1231 1939 paucis
1254 1893 1537 1939 exponeret?

124 1953 166 1988 et
190 1959 263 1988 eas
285 1949 437 1998 gentis,
465 1949 725 1998 quibuscum
747 1949 874 1989 nobis
895 1949 1058 1989 bellum
1080 1953 1154 1988 aut
1174 1949 1363 1989 amicitia
1383 1949 1472 1995 fuit,

122 2008 345 2057 attingere.
379 2007 457 2047 sed
484 2019 598 2057 quae
626 2008 722 2047 loca
743 2013 783 2048 et
804 2010 1003 2048 nationes
1025 2008 1081 2048 ob
1104 2007 1291 2048 calorem
1313 2013 1386 2048 aut
1407 2020 1473 2048 as-
1500 2019 1520 2050 2

185 2172 204 2203 4
230 2180 297 2204 suo
324 2170 402 2203 AM
483 2172 526 2204 10
554 2173 582 2203 is
604 2195 612 2204 .
629 2197 635 2204 .
650 2195 661 2205 .
682 2173 996 2212 inpudentemque
1022 2172 1116 2204 Non.
1134 2182 1172 2212 p.
1192 2176 1263 2211 306,
1278 2177 1297 2205 5
1375 2173 1473 2204 videt

126 2219 220 2258 regis
245 2228 316 2251 om.
336 2218 430 2253 Non.
506 2219 548 2251 13
568 2220 655 2251 vicit
676 2244 683 2251 .
700 2244 707 2253 .
723 2245 730 2251 .
751 2220 978 2252 anteferebat
1000 2219 1095 2252 Non.
1113 2229 1151 2260 ρ.
1170 2223 1243 2259 366,
1259 2225 1274 2251 1
1348 2219 1389 2251 18
1410 2221 1472 2260 qui

123 2261 374 2346 ῗῐίἱξῖξῗοπίιία
411 2267 558 2298 consuls
584 2266 612 2298 P
639 2267 852 2299 consulibus
879 2262 1023 2299 H²I¹ln
1105 2267 1150 2299 20
1177 2268 1333 2299 inimicis
1361 2269 1473 2306 valae>
