1593 2496
405 42 676 80 CATILINAE
704 41 1021 80 CONIURATIO
1049 47 1189 80 36-39
1412 50 1468 90 29

120 158 218 197 tatis
247 157 505 195 inminutum
534 160 634 201 erat,
661 155 777 194 haud
806 166 912 194 sane
939 155 1025 195 alio
1047 157 1194 196 animo
1217 157 1318 196 belli
1341 168 1469 197 even-

120 221 211 256 tum
239 215 538 265 expectabant.
576 215 631 254 ad
660 214 743 254 hoc
764 215 1030 264 quicumque
1051 215 1231 255 aliarum
1252 220 1384 266 atque
1405 227 1469 256 se·
1485 220 1529 252 10

120 281 248 315 natus
287 275 471 324 partium
510 279 640 320 erant,
680 273 922 313 conturbari
959 286 1047 314 rem
1082 275 1302 324 publicam
1335 287 1468 325 quam

120 336 265 374 minus
295 334 442 373 valere
469 334 550 383 ipsi
577 333 809 373 malebant.
849 333 891 372 id
918 330 1088 381 <ad>eo
1116 334 1279 373 malum
1308 335 1468 375 multos
1486 339 1525 372 11

83 405 100 430 5
121 398 219 444 post
245 404 385 433 annos
414 394 455 432 in
484 394 700 432 civitatem
729 397 971 433 revorterat.
1010 404 1111 432 nam
1137 399 1371 443 postquam
1393 393 1468 434 Cn.

119 453 330 502 Pompeio
364 457 405 492 et
437 452 491 493 M.
514 451 669 492 Crasso
704 451 957 491 consulibus
990 453 1217 492 tribunicia
1250 455 1533 502 postestas38

120 513 312 552 restituta
346 517 421 558 est,
456 512 657 552 homines
691 511 995 551 adulescentes
1029 523 1246 551 summam
1280 518 1468 562 potesta-

118 577 204 612 tem
232 572 358 617 nacti,
391 571 549 621 quibus
576 576 697 610 aetas
723 572 985 620 animusque
1011 571 1129 612 ferox
1157 577 1257 618 erat,
1284 583 1470 621 coepere

120 636 319 671 senatum
353 630 622 670 criminando
650 630 823 679 plebem
852 631 1082 680 exagitare,
1109 631 1210 670 dein
1237 631 1467 681 largiundo
1489 636 1493 640 ’

66 699 100 726 10
119 696 250 740 atque
277 690 559 740 pollicitando
581 690 721 740 magis
743 689 986 736 incendere,
1012 691 1070 729 ita
1091 691 1173 739 ipsi
1196 690 1295 730 clari
1318 696 1468 740 poten-

118 756 272 800 tesque
299 750 401 789 fieri.
441 754 589 789 contra
616 760 692 789 eos
720 760 891 788 summa
918 761 1003 798 ope
1024 750 1240 789 nitebatur
1261 750 1468 800 pleraque
1493 754 1517 789 2

119 809 323 849 nobilitas
351 814 528 848 senatus
555 809 702 858 specie
723 819 799 858 pro
821 819 901 848 sua
923 809 1237 859 magnitudine.
1264 821 1468 859 namque,

119 870 179 908 uti
206 869 358 918 paucis
384 879 534 908 verum
561 868 804 914 absolvam,
830 873 929 917 post
956 868 1028 907 illa
1054 873 1252 918 tempora
1272 870 1466 918 quicum·
1494 876 1514 907 3

120 939 204 977 que
237 939 325 968 rem
360 927 578 977 publicam
612 928 843 977 agitavere,
876 927 1071 968 honestis
1098 928 1363 975 nominibus,
1395 928 1466 968 alii

65 995 100 1022 15
119 988 243 1027 sicuti
276 987 427 1036 populi
460 988 551 1026 iura
584 986 877 1032 defenderent,
911 998 1009 1036 pars
1042 998 1131 1037 quo
1165 993 1342 1027 senatus
1369 999 1467 1028 auc-

119 1047 265 1086 toritas
292 1057 498 1085 maxuma
523 1046 642 1092 foret,
670 1046 834 1086 bonurn
863 1046 1085 1095 publicum
1113 1047 1368 1087 simulantes
1390 1059 1466 1097 pro

118 1117 198 1145 sua
235 1106 423 1155 quisque
455 1106 649 1154 potentia
683 1105 913 1146 certabant.
957 1117 1102 1156 neque
1135 1106 1218 1146 illis
1250 1107 1467 1146 modestia
1493 1115 1514 1146 4

117 1176 262 1214 neque
288 1165 447 1205 modus
474 1165 765 1205 contentionis
793 1169 897 1205 erat:
926 1166 1096 1215 utrique
1121 1166 1345 1206 victoriam
1376 1177 1466 1205 cru-

118 1224 268 1264 deliter
289 1224 557 1264 exercebant.
593 1224 670 1264 sed
694 1228 926 1273 postquam
950 1223 1022 1264 Cn.
1045 1224 1281 1274 Pompeius
1302 1225 1356 1264 ad
1379 1225 1467 1265 bel·
1477 1226 1532 1269 39

61 1291 97 1319 20
117 1284 206 1323 lum
233 1285 510 1323 maritumum
532 1287 663 1333 atque
683 1283 1019 1323 Mithridaticum
1041 1285 1202 1324 missus
1224 1291 1299 1330 est,
1327 1285 1466 1333 plebis

119 1354 227 1392 opes
254 1344 505 1389 inminutae,
538 1354 776 1392 paucorum
799 1344 993 1392 potentia
1014 1344 1156 1383 crevit.
1196 1345 1222 1382 ii
1245 1346 1467 1393 magistra·
1494 1346 1514 1377 2

118 1408 198 1448 tus,
219 1403 465 1451 provincias
481 1401 654 1451 aliaque
670 1403 817 1442 omnia
831 1407 995 1448 tenere;
1017 1404 1099 1451 ipsi
1115 1404 1292 1450 innoxii,
1313 1403 1467 1443 floren-

118 1466 194 1507 tes,
221 1462 315 1501 sine
336 1466 453 1501 metu
475 1466 660 1501 aetatem
683 1472 812 1511 agere
834 1466 1089 1511 ceterosque
1110 1462 1280 1502 iudiciis
1301 1468 1467 1510 terrere,

118 1532 206 1570 quo
234 1521 407 1570 plebem
436 1521 478 1559 in
506 1521 758 1570 magistratu
781 1521 994 1569 placidius
1014 1526 1251 1561 tractarent.
1292 1523 1369 1561 sed
1391 1522 1465 1562 ubi
1493 1525 1513 1556 3

63 1587 99 1614 25
119 1580 304 1629 primum
333 1580 477 1619 dubiis
504 1580 631 1619 rebus
659 1576 913 1628 novandi[s]
942 1591 1043 1630 spes
1071 1580 1218 1620 oblata
1239 1588 1314 1627 est,
1340 1587 1466 1621 vetus

119 1643 336 1678 certamen
357 1640 528 1679 animos
550 1650 698 1678 eorum
721 1639 896 1679 adrexit.
941 1640 1060 1689 quod
1083 1641 1117 1679 si
1140 1641 1277 1689 primo
1300 1640 1465 1690 proelio
1493 1644 1515 1675 4

119 1697 302 1738 Catilina
329 1699 525 1747 superior
545 1704 618 1738 aut
645 1710 787 1747 aequa
807 1710 939 1738 manu
961 1698 1245 1746 discessisset,
1273 1701 1465 1749 proiecto

57 1758 75 1767 ⁴
119 1768 281 1808 magna
314 1758 460 1797 clades
495 1762 625 1807 atque
659 1758 881 1797 calamitas
915 1769 1003 1797 rem
1039 1758 1257 1807 publicam
1289 1771 1465 1808 oppres-

119 1817 257 1863 sisset.
292 1828 437 1866 neque
470 1817 564 1862 illis,
597 1818 671 1866 qui
697 1818 921 1857 victoriam
949 1818 1095 1866 adepti
1123 1818 1272 1864 forent,
1304 1819 1466 1858 diutius

63 1882 98 1910 ³0
119 1887 170 1915 ea
205 1877 265 1915 uti
301 1876 503 1922 licuisset,
537 1877 640 1926 quin
675 1876 858 1916 defessis
892 1881 932 1916 et
965 1877 1239 1926 exanguibus
1266 1879 1339 1927 qui
1368 1878 1465 1927 plus

119 1940 267 1984 posset
306 1936 534 1984 imperium
574 1940 704 1985 atque
743 1935 981 1976 libertatem
1020 1941 1303 1985 extorqueret.
1348 1938 1466 1977 tuere
1492 1942 1512 1973 5

118 2000 263 2034 tamen
286 1999 403 2033 extra
425 1996 768 2034 coniurationem
790 1995 1048 2044 complures,
1070 1997 1143 2044 qui
1164 1996 1219 2035 ad
1237 1994 1464 2036 Catilinam

119 2054 239 2093 initio
268 2054 446 2102 profecti
474 2059 584 2094 sunt.
625 2055 667 2092 in
695 2055 746 2093 iis
775 2059 862 2094 erat
889 2054 1078 2099 Fulvius,
1105 2056 1316 2095 senatoris
1338 2055 1464 2102 filius,

118 2123 248 2161 quem
278 2117 503 2152 retractum
533 2124 584 2153 ex
612 2114 761 2153 itinere
789 2124 944 2162 parens
972 2115 1113 2153 necari
1142 2115 1276 2154 iussit.

65 2177 100 2204 55
179 2171 320 2211 Isdem
361 2173 629 2221 temporibus
665 2171 830 2212 Romae
868 2172 1087 2218 Lentulus,
1127 2174 1249 2225 sicuti
1284 2174 1465 2213 Catilina
1492 2179 1512 2210 6

177 2253 198 2284 4
224 2253 319 2285 adeo
346 2254 453 2285 codd.
474 2255 697 2285 recentiores
771 2254 902 2285 multos
930 2257 1012 2292 post
1038 2263 1157 2286 annos
1182 2255 1288 2286 Aras.
1307 2264 1464 2295 yramm.

122 2300 180 2331 l'll
197 2304 268 2338 497,
283 2304 320 2331 21
397 2300 440 2332 23
468 2299 696 2340 ceterosque]
726 2309 798 2340 que
823 2310 893 2333 om.
914 2296 985 2334 AC
1061 2301 1105 2333 25
1132 2311 1224 2334 corr.
1249 2302 1384 2335 Gruter·
