1593 2496
99 62 156 100 66
536 53 575 90 C.
598 53 839 90 SALLUSTI
869 52 1027 90 cmsm

102 173 176 206 aut
203 167 319 216 apud
346 179 427 207 vos
454 172 528 206 aut
555 166 672 216 apud
695 166 802 206 deos
823 165 1062 205 inmortalis
1082 177 1222 205 rerum
1244 165 1453 205 humana-

102 239 193 265 rum
223 237 324 265 cura
348 227 522 266 oriatur:
549 237 605 265 ne
626 225 709 272 ille,
736 225 809 274 qui
830 236 946 264 nunc
967 224 1200 264 sceleribus
1221 225 1312 263 suis
1333 224 1452 264 ferox

102 291 233 335 atque
261 285 504 335 praeclarus
532 290 608 330 est,
640 284 843 324 omnibus
871 283 996 323 malis
1024 284 1290 323 excruciatus
1318 284 1452 332 inpie-

104 346 201 385 tatis
223 346 266 384 in
288 349 511 394 parentem
533 348 741 390 nostrum,
765 343 900 382 fratris
922 344 1007 382 mei
1028 344 1146 382 necis
1167 354 1451 392 mearumque

39 413 87 446 22
105 405 372 444 miseriarum
393 404 536 453 gravis
558 413 725 452 poenas
746 402 909 442 reddat.
945 403 1146 448 iamiam,
1165 401 1290 442 frater
1304 403 1451 442 animo
1484 409 1502 436 5

103 475 201 503 meo
231 463 479 508 carissume,
513 473 781 512 quamquam
815 461 889 501 tibi
924 462 1138 501 inmaturo
1167 465 1208 500 et
1234 461 1350 500 unde
1377 462 1454 500 mi-

102 535 234 562 nume
273 522 418 561 decuit
450 522 539 561 vita
575 525 721 571 erepta
754 525 830 568 est,
863 526 1007 560 tamen
1035 520 1286 560 laetandum
1313 521 1453 570 magis

43 591 87 623 23
104 594 235 632 quam
263 581 504 621 dolendum
531 586 635 630 puto
664 591 813 619 casum
840 584 974 620 tuom.
1007 591 1096 619 non
1125 580 1239 619 enim
1260 590 1454 628 regnum,

103 642 179 682 sed
214 641 361 691 fugam
396 640 571 680 exilium
605 643 846 690 egestatem
880 644 920 679 et
953 640 1095 678 omnis
1129 639 1208 677 has
1243 649 1356 687 quae
1384 650 1453 678 me

104 705 302 750 premunt
336 710 566 739 aerumnas
600 710 699 739 cum
726 699 872 738 anima
903 698 1031 737 simul
1066 698 1258 737 amisisti.
1297 702 1340 736 at
1370 708 1453 747 ego
1477 704 1509 730 1⁰

104 760 263 806 infelix,
292 760 334 798 in
362 764 481 798 tanta
509 759 624 798 mala
650 759 956 807 praecipitatus
986 769 1037 797 ex
1058 758 1196 806 patrio
1218 767 1365 806 regno,
1393 768 1455 796 re-

104 831 196 858 rum
233 819 520 858 humanarum
558 817 854 867 spectaculum
892 817 1096 866 praebeo,
1129 817 1314 855 incertus
1350 815 1453 865 quid

102 890 244 929 agam,
278 884 432 918 tuasne
466 878 642 917 iniurias
676 887 910 926 persequar
945 877 1038 925 ipse
1071 876 1202 915 auxili
1237 886 1372 924 egens
1399 886 1453 914 an

103 949 237 988 regno
266 937 505 983 consulam,
526 938 684 986 quoius
705 937 820 975 vitae
842 937 1052 984 necisque
1073 939 1267 984 potestas
1288 945 1343 974 ex
1363 934 1454 983 opi-

41 1006 90 1038 24
104 998 184 1037 bus
219 997 370 1036 alienis
405 996 577 1046 pendet.
617 997 782 1035 utinam
817 996 950 1035 emori
978 995 1160 1034 fortunis
1186 995 1294 1033 meis
1322 993 1510 1032 hone-15

102 1062 193 1096 stus
216 1057 354 1096 exitus
375 1061 490 1095 esset
504 1067 589 1095 neu
611 1056 700 1095 iure
717 1060 991 1103 contemptus
1006 1054 1185 1099 viderer,
1207 1054 1241 1092 si
1257 1053 1456 1092 defessus

104 1116 228 1155 malis
263 1116 443 1155 iniuriae
477 1115 804 1155 concessissem.
845 1125 960 1153 nunc
992 1124 1136 1162 neque
1162 1113 1310 1151 vivere
1336 1111 1455 1151 lubet

104 1186 248 1226 neque
276 1175 384 1214 mori
414 1174 513 1214 licet
540 1175 634 1213 sine
660 1173 887 1213 dedecore.

39 1237 88 1269 25
163 1235 308 1274 Patres
337 1234 579 1283 conscripti,
608 1244 682 1283 per
707 1243 800 1278 VOS.
828 1244 902 1281 per
929 1232 1089 1271 liberos
1111 1236 1243 1280 atque
1265 1231 1454 1280 parentis

103 1299 286 1339 vostros,
314 1305 389 1342 per
409 1294 681 1332 maiestatem
705 1291 855 1341 populi
877 1290 1073 1336 Romani,
1098 1290 1329 1329 subvenite
1350 1288 1454 1328 mihi
1475 1294 1510 1320 20

104 1355 275 1399 misero,
309 1355 365 1392 ite
393 1353 570 1392 obviam
599 1353 791 1397 iniuriae,
822 1350 957 1390 nolite
984 1350 1071 1399 pati
1100 1360 1281 1399 regnum
1308 1348 1455 1387 Numi-

104 1413 214 1458 diae,
243 1412 362 1461 quod
389 1416 583 1451 vostrum
613 1416 687 1457 est,
716 1422 789 1460 per
816 1409 956 1450 scelus
986 1414 1027 1449 et
1054 1409 1314 1458 sanguinem
1337 1407 1457 1446 fami·

110 1472 194 1512 liae
220 1476 393 1511 nostrae
420 1466 668 1510 tabescere?

46 1524 98 1563 15
165 1531 401 1580 Postquam
430 1542 502 1570 rex
529 1530 660 1569 finem
688 1528 901 1578 loquundi
929 1528 1039 1573 fecit,
1067 1527 1198 1577 legati
1225 1526 1456 1576 Iugurthae

108 1591 333 1640 largitione
369 1591 508 1639 magis
543 1600 675 1638 quam
709 1599 841 1627 causa
876 1587 967 1626 freti
996 1588 1145 1635 paucis
1173 1585 1455 1635 respondent:
1477 1589 1511 1615 25

106 1649 404 1699 Hiempsalem
440 1649 495 1688 ob
529 1649 757 1687 saevitiam
791 1657 916 1686 suam
951 1647 1006 1685 ab
1035 1645 1234 1684 Numidis
1263 1644 1457 1684 interiec-

106 1714 209 1755 tum,
242 1708 538 1748 Adherbalem
577 1707 686 1746 ultro
720 1706 883 1746 bellum
918 1705 1186 1749 inferentem,
1222 1708 1456 1753 postquam

106 1772 335 1818 superatus
369 1769 433 1813 sit,
467 1769 600 1817 queri,
633 1765 752 1815 quod
781 1766 979 1804 iniuriam
1007 1764 1147 1804 facere
1173 1763 1457 1812 nequivisset.

106 1827 356 1877 Iugurtham
389 1827 443 1866 ab
478 1830 632 1866 senatu
666 1830 822 1874 petere,
856 1836 911 1863 ne
944 1835 990 1864 se
1017 1823 1150 1862 alium
1178 1826 1376 1871 putarent
1402 1833 1452 1860 ac

108 1887 369 1926 Numantiae
396 1886 596 1936 cognitus
625 1889 750 1930 esset,
777 1895 862 1924 neu
883 1883 1016 1923 verba
1037 1882 1197 1921 inimici
1219 1885 1320 1920 ante
1340 1880 1453 1920 facta
1473 1891 1508 1917 30

56 1941 80 1976 2
108 1957 187 1986 sua
216 1950 438 1995 ponerent.
483 1945 642 1984 deinde
670 1944 838 1993 utrique
865 1943 981 1982 curia
1008 1940 1296 1991 egrediuntur.
1334 1951 1457 1979 sena-

108 2011 176 2044 tus
204 2006 347 2044 statim
376 2004 624 2044 consulitur.
662 2003 850 2042 fautores
872 2002 1125 2051 legatorum,
1153 2003 1374 2049 praeterea
1394 2010 1458 2038 se-

169 2122 188 2153 2
216 2130 263 2153 ne
289 2116 474 2153 VP²A¹N
499 2124 538 2152 ut
565 2121 642 2152 rell.
717 2120 737 2151 5
765 2120 835 2151 iam
863 2120 933 2150 iam
955 2142 963 2150 .
981 2142 1011 2149 ..
1034 2117 1231 2149 carissume
1252 2115 1351 2147 Serv.
1372 2115 1458 2147 Aen.

110 2173 158 2207 12,
174 2173 235 2201 676
305 2167 347 2200 16
361 2177 433 2200 neu
449 2169 524 2200 iure
538 2164 683 2200 VP²A1
700 2175 745 2199 ne
760 2167 836 2198 iure
850 2161 898 2197 13¹
913 2174 960 2197 ne
974 2165 1095 2196 vivere
1111 2164 1186 2195 rell.
1244 2162 1286 2195 18
1301 2163 1413 2195 emori
1428 2162 1460 2194 V

171 2216 213 2248 19
241 2225 304 2255 per
329 2224 395 2247 vos
416 2239 424 2248 .
440 2239 448 2248 .
465 2239 473 2247 .
495 2215 650 2247 Romani
676 2223 746 2246 om.
768 2213 799 2244 V
863 2222 925 2252 per
951 2213 1085 2244 liberos
1106 2235 1113 2242 .
1129 2236 1135 2242 .
1154 2236 1161 2242 .
1182 2213 1324 2242 vostros
1350 2210 1458 2241 Ριόὺ.

107 2265 198 2297 inst.
217 2273 374 2303 yramm.
395 2262 544 2301 linea&
618 2262 663 2293 20
694 2263 825 2293 misero
854 2261 939 2291 mihi
966 2258 1073 2291 VDF
1101 2258 1187 2289 mihi
1216 2258 1345 2289 misero
1373 2257 1460 2287 mihi

105 2309 223 2352 (exp)
250 2310 283 2342 Α
