1593 2496
367 65 571 101 BELLUM
601 63 967 101 IUGURTHINUM
996 66 1136 99 75-78
1340 67 1422 107 113

67 190 196 228 super
234 189 437 229 aggerem
473 178 671 226 inpositis
704 177 889 216 turribus
923 187 1034 224 opus
1076 179 1116 215 et
1143 175 1420 214 administros

66 239 209 283 tutari;
243 242 390 278 contra
420 237 528 276 haec
555 236 765 285 oppidani
793 236 1007 281 festinare,
1041 245 1208 284 parare;
1242 245 1415 283 prorsus
1444 238 1466 270 4

66 298 121 338 ab
143 298 333 347 utrisque
354 296 459 335 nihil
482 296 693 345 reliquom
715 295 817 335 fieri.
851 295 1042 344 denique
1064 293 1258 339 Romani.
1279 292 1415 332 multo
1445 300 1467 329 5

66 362 167 397 ante
200 356 348 396 labore
382 355 646 405 proeliisque
683 355 860 405 fatigati,
889 359 986 403 post
1014 353 1108 393 dies
1135 353 1421 402 quadraginta

25 426 42 452 5
69 428 199 466 quam
219 427 272 456 eo
286 420 466 455 ventum
484 419 583 460 erat,
605 413 770 464 oppido
787 413 921 453 modo
938 413 1080 462 potiti;
1102 412 1264 461 praeda
1279 413 1421 451 omnis

67 476 123 515 ab
146 475 334 525 perfugis
357 478 566 524 corrupta.
594 475 620 513 ii
644 478 876 523 postquam
899 484 1069 511 murum
1091 472 1295 511 arietibus
1311 471 1419 510 feriri
1449 476 1470 507 6

68 546 224 584 resque
251 545 353 574 suas
380 533 576 573 adflictas
603 533 765 578 vident,
792 544 944 571 aurum
972 536 1103 581 atque
1131 535 1357 581 argentum
1381 535 1422 569 et

67 594 164 640 alia,
195 605 308 644 quae
336 594 472 643 prima
498 593 724 638 ducuntur,
752 592 932 631 domum
961 592 1124 641 regiam
1152 594 1422 639 conportant.

68 654 126 692 ibi
141 654 244 693 vino
267 658 307 692 et
329 652 468 702 epulis
490 653 655 692 onerati
678 651 839 701 illaque
861 656 901 690 et
922 651 1102 690 domum
1123 654 1163 689 et
1179 654 1316 689 semet
1331 650 1420 699 igni

15 721 48 753 ιο
68 717 358 762 corrumpunt,
380 716 432 757 et,
454 723 562 761 quas
582 712 684 751 victi
700 711 754 750 ab
771 711 970 751 hostibus
987 721 1153 759 poenas
1168 713 1421 753 metuerant,

68 783 142 812 eas
169 773 251 821 ipsi
276 771 474 811 volentes
502 771 761 820 pependere.

127 831 214 871 Sed
242 832 397 880 pariter
424 842 520 870 cum
549 834 675 879 capta
698 829 835 869 Thala
862 829 992 879 legati
1020 840 1073 868 ex
1100 828 1264 877 oppido
1287 827 1416 876 Lepci
1439 829 1501 866 77·

68 890 122 930 ad
151 890 373 930 Metellum
401 895 610 930 venerant
637 894 821 934 orantes,
852 890 913 928 uti
942 888 1205 938 praesidium
1234 887 1421 936 praefec-

68 955 248 999 tumque
283 961 335 989 eo
370 951 571 989 mitteret:
605 949 894 988 Hamilcarem
929 947 1163 997 quendam,
1197 947 1420 986 hominem

15 1018 49 1044 15
69 1009 261 1049 nobilem
283 1009 524 1054 factiosum,
545 1010 672 1048 novis
689 1008 816 1047 rebus
832 1007 1016 1052 studere,
1038 1007 1273 1046 advorsum
1290 1017 1420 1055 quem

68 1080 212 1118 neque
246 1069 426 1117 imperia
457 1069 785 1118 magistratuum
814 1078 958 1116 neque
986 1066 1106 1116 leges
1133 1065 1344 1111 valerent;
1377 1066 1419 1103 ni

69 1128 111 1167 id
139 1128 368 1173 festinaret,
397 1129 438 1166 in
467 1139 639 1167 summo
666 1127 856 1176 periculo
879 1137 1002 1165 suam
1025 1125 1223 1171 salutem,
1249 1124 1419 1165 illorum

69 1188 212 1227 socios
246 1187 347 1227 fore.
388 1198 488 1225 nam
517 1187 738 1236 Lepcitani
773 1187 858 1225 iam
893 1185 994 1224 inde
1028 1196 1052 1224 a
1080 1185 1289 1234 principio
1318 1183 1419 1223 belli
1448 1184 1471 1219 2

68 1246 305 1296 Iugurthini
332 1247 387 1285 ad
414 1246 604 1285 Bestiam
633 1245 858 1285 consulem
888 1249 928 1284 et
955 1249 1108 1294 postea
1135 1243 1317 1283 Romam
1346 1243 1422 1282 mi-

14 1313 50 1340 20
70 1310 213 1345 serant
233 1306 466 1344 amicitiam
490 1306 833 1354 societatemque
855 1309 1065 1354 rogatum.
1093 1303 1252 1343 deinde
1274 1303 1347 1342 ubi
1369 1313 1420 1342 ea
1448 1306 1470 1337 3

35 1365 39 1369 ”
70 1365 309 1413 impetrata,
336 1376 507 1413 semper
533 1365 637 1404 boni
665 1364 906 1413 fidelesque
934 1374 1133 1402 mansere
1161 1367 1201 1402 et
1223 1367 1376 1401 cuncta
1396 1372 1421 1400 a

69 1424 225 1470 Bestia,
252 1424 411 1464 Albino
440 1424 705 1473 Metelloque
732 1424 942 1472 imperata
968 1433 1081 1462 nave
1109 1422 1308 1462 fecerant.
1347 1422 1421 1460 ita·
1449 1424 1469 1455 4

70 1495 156 1532 que
180 1484 234 1522 ab
256 1484 514 1532 imperatore
535 1483 659 1522 facile
680 1494 793 1533 quae
816 1482 1022 1531 petebant
1041 1482 1201 1531 adepti.
1235 1482 1420 1520 emissae

71 1553 123 1582 eo
152 1543 352 1582 cohortes
379 1543 581 1592 Ligurum
610 1547 812 1592 quattuor
838 1546 879 1581 et
907 1541 949 1581 C.
970 1541 1140 1580 Annius
1168 1540 1420 1590 praefectus.

16 1609 51 1636 25
131 1602 174 1641 Id
210 1602 421 1651 oppidum
456 1602 510 1641 ab
539 1601 729 1642 Sidoniis
757 1601 979 1640 conditum
1014 1605 1089 1646 est,
1117 1611 1228 1650 quos
1255 1598 1494 1648 accepi-78

71 1673 168 1701 mus
197 1661 405 1711 profugos
431 1661 487 1700 ob
510 1661 748 1701 discordias
771 1661 908 1700 civilis
929 1661 1116 1699 navibus
1138 1661 1180 1698 in
1203 1670 1279 1699 eos
1299 1658 1421 1698 locos

70 1721 257 1766 venisse,
284 1726 472 1760 ceterum
499 1722 627 1760 situm
649 1721 757 1759 inter
778 1720 887 1759 duas
910 1719 1055 1770 Syrtis,
1079 1719 1238 1768 quibus
1258 1729 1418 1758 nomen

71 1791 123 1820 ex
157 1791 200 1819 re
233 1780 427 1819 inditum.
468 1791 568 1818 nam
603 1780 691 1819 duo
719 1784 818 1818 sunt
845 1780 965 1818 sinus
993 1789 1131 1830 prope
1159 1779 1201 1816 in
1231 1782 1420 1817 extrema
1450 1781 1468 1812 2

71 1839 224 1885 Africa,
258 1840 429 1888 inpares
457 1839 770 1889 magnitudine,
801 1839 890 1888 pari
918 1843 1086 1883 natura;
1114 1848 1298 1887 quorum
1326 1847 1421 1886 pro-

18 1905 53 1933 30
72 1909 203 1937 xuma
229 1902 364 1938 terrae
391 1899 582 1947 praealta
609 1902 718 1944 sunt,
746 1903 887 1938 cetera
914 1899 974 1936 uti
997 1897 1083 1937 fors
1104 1897 1199 1936 tulit
1218 1896 1304 1935 alta
1325 1896 1420 1940 alia,

73 1957 157 1996 alia
179 1953 236 2005 [in
258 1954 532 2006 tempestate]
548 1958 727 1997 vadosa.
761 1968 861 1996 narn
878 1957 951 1996 ubi
967 1967 1084 1995 mare
1100 1967 1307 2005 magnum
1325 1965 1421 1994 esse
1450 1959 1477 1989 3

74 2021 115 2056 et
141 2017 307 2055 saevire
333 2018 474 2056 ventis
502 2018 656 2066 coepit,
684 2017 834 2055 limum
857 2017 1153 2065 harenamque
1175 2020 1215 2055 et
1235 2026 1340 2054 saxa
1361 2015 1421 2052 in-

132 2133 152 2166 3
180 2133 317 2172 relique
343 2133 376 2164 A
402 2134 530 2173 reliqui
557 2135 566 2165 l
644 2133 684 2165 17
714 2137 748 2165 et
769 2134 907 2165 illorum
930 2127 1080 2163 stm²
1156 2132 1198 2164 19
1223 2132 1422 2171 Iugurthini

73 2181 159 2221 fort.
182 2190 261 2213 cum
289 2181 444 2212 Liuii-ero
477 2182 671 2213 delendum
747 2180 792 2212 28
819 2182 920 2212 sinus
949 2179 1020 2211 duo
1048 2183 1132 2210 sunt
1159 2188 1263 2218 pares
1284 2184 1422 2215 natura.

74 2229 219 2267 inpares
256 2229 508 2267 magnitudine
540 2228 640 2260 Sero.
667 2229 753 2260 Aen.
778 2232 878 2267 1,111
980 2227 1025 2259 30
1059 2227 1196 2266 peralta
1228 2221 1422 2258 A‘2CBTn

133 2275 268 2307 30—31
298 2276 369 2306 alia
389 2276 445 2306 bis
465 2275 497 2307 A
517 2277 630 2308 semel
649 2277 726 2307 rell.
777 2276 963 2315 qlossema
985 2275 1117 2313 habeo,
1138 2284 1170 2305 υ.
1190 2274 1316 2306 Krznze
1341 2273 1422 2305 Sal·

75 2323 241 2354 lastiana
263 2322 312 2354 ΙΙΙ
334 2326 364 2360 2,
379 2327 419 2354 25
444 2332 522 2363 sqq.
