1593 2496
405 66 610 103 BELLUM
638 65 1002 103 luouRTfflNUM
1030 70 1121 101 5-7
1383 72 1437 110 57

87 191 234 230 neque
255 180 433 220 inertiae
460 178 831 228 corrumpundum
859 177 991 224 dedit,
1018 177 1108 223 sed,
1136 178 1196 217 uti
1218 189 1314 218 mos
1336 189 1439 227 gen-

87 242 140 280 tis
173 239 288 280 illius
322 243 397 285 est,
431 239 636 288 equitare,
668 237 862 283 iaculari;
895 248 1021 276 cursu
1055 248 1152 276 cum
1181 237 1439 286 aequalibus

89 304 249 340 certare
276 303 328 344 et,
358 309 492 347 quom
520 299 663 338 omnis
690 296 828 347 gloria
848 297 1039 342 anteiret,
1067 296 1272 336 omnibus
1293 300 1439 336 tamen

89 370 216 400 carus
238 369 355 404 esse3
379 357 436 397 ad
457 357 541 397 hoc
562 357 769 407 pleraque
789 361 987 406 tempora
1008 357 1050 395 in
1070 355 1276 396 venando
1299 366 1440 406 agere,

53 428 71 456 5
91 419 263 459 leonem
297 422 428 467 atque
461 416 568 456 alias
601 416 712 456 feras
746 417 910 465 primus
942 420 1016 455 aut
1048 416 1090 454 in
1124 416 1272 464 primis
1300 415 1438 454 ferire:

89 478 334 528 plurumum
362 477 513 522 facere,
541 472 614 525 [et]
642 476 885 515 minumum
914 476 1007 524 ipse
1034 475 1089 514 de
1110 485 1158 514 se
1179 474 1311 524 loqui.
1348 475 1440 524 qui-
1468 478 1488 509 2

88 537 169 577 bus
203 537 330 576 rebus
358 535 541 585 Micipsa
573 536 743 575 tametsi
777 535 899 574 initio
931 534 1071 574 laetus
1098 534 1246 580 iuerat,
1283 534 1440 574 existu-

89 607 213 636 mans
233 597 434 635 virtutem
455 595 685 646 Iugurthae
708 605 841 644 regno
864 605 945 634 suo
966 593 1132 644 gloriae
1152 593 1254 639 fore,
1281 598 1439 639 tamen,

91 661 323 706 postquam
351 655 574 695 hominem
602 654 930 694 adulescentem
958 658 1108 693 exacta
1135 664 1215 692 sua
1235 657 1378 693 aetate
1399 658 1441 692 et

36 725 70 752 10
90 715 233 764 parvis
261 714 404 754 liberis
430 716 571 765 magis
598 714 829 764 magisque
850 724 1041 753 crescere
1062 712 1284 762 intellegit,
1309 712 1441 752 vehe-

89 779 256 814 menter
276 785 329 814 eo
353 774 532 823 negotio
555 777 778 823 permotus
798 772 935 812 multa
955 784 1054 812 cum
1075 773 1223 812 animo
1246 783 1327 812 suo
1348 771 1441 812 vol-

87 834 231 874 vebat.
269 833 453 873 terrebat
480 844 580 872 eum
607 837 760 872 natura
787 831 1033 872 mortalium
1061 831 1192 871 avida
1218 832 1370 881 imperi
1399 836 1440 871 et
1467 841 1487 871 3

90 904 298 943 praeceps
337 892 392 932 ad
432 892 695 942 explendam
734 892 868 931 animi
907 892 1171 940 cupidinem,
1217 895 1440 940 praeterea

90 952 392 1002 opportunitas
413 963 520 992 suae
541 952 864 1001 liberorumque
884 951 1049 997 aetatis,
1071 962 1185 1000 quae
1207 951 1337 990 etiam
1353 961 1441 990 me-

36 1021 70 1048 15
91 1012 248 1052 diocris
268 1012 384 1051 viros
406 1022 484 1060 spe
506 1011 694 1061 praedae
711 1015 986 1051 transvorsos
1001 1011 1100 1060 agit,
1128 1010 1184 1049 ad
1199 1010 1283 1050 hoc
1298 1009 1442 1049 studia

89 1070 375 1111 Numidarum
403 1071 445 1110 in
466 1070 716 1121 Iugurtham
743 1081 940 1116 accensa,
968 1081 1020 1109 ex
1047 1070 1219 1120 quibus,
1247 1070 1282 1108 si
1310 1068 1441 1109 talem

89 1132 228 1170 virum
256 1130 369 1170 dolis
395 1130 689 1176 interfecisset,
716 1141 772 1170 ne
792 1141 880 1179 qua
901 1129 1058 1169 seditio
1081 1134 1155 1168 aut
1175 1129 1339 1168 bellum
1362 1129 1441 1168 ori-

91 1194 213 1236 retur,
245 1190 400 1229 anxius
428 1194 528 1230 erat.
572 1189 638 1229 his
666 1189 993 1229 difficultatibus
1020 1189 1340 1228 circumventus
1368 1188 1441 1228 ubi
1463 1187 1488 1225 7

90 1249 209 1289 videt
228 1260 373 1298 neque
394 1260 469 1298 per
487 1250 577 1288 vim
598 1259 743 1298 neque
764 1248 933 1288 insidiis
955 1249 1140 1298 opprimi
1157 1259 1289 1297 posse
1304 1247 1442 1288 homi-

35 1317 71 1345 ει)
90 1320 191 1349 nem
211 1313 300 1348 tam
320 1313 548 1358 acceptum
570 1307 865 1358 popularibus,
887 1307 1006 1358 quod
1029 1312 1117 1347 erat
1131 1307 1336 1357 Iugurtha
1353 1317 1442 1346 ma-

92 1380 149 1407 nu
178 1372 402 1417 promptus
430 1374 471 1408 et
498 1368 711 1417 adpetens
738 1367 903 1417 gloriae
929 1367 1135 1413 militaris,
1166 1367 1312 1406 statuit
1340 1377 1440 1406 eum

92 1427 310 1467 obiectare
338 1427 538 1476 periculis
566 1432 608 1467 et
634 1438 687 1467 eo
715 1427 850 1467 modo
878 1427 1093 1467 fortunam
1121 1430 1344 1475 temptare.

151 1486 281 1536 Igitur
317 1485 432 1526 bello
461 1486 727 1526 Numantino
756 1486 951 1535 Micipsa,
989 1497 1125 1536 quom
1161 1485 1327 1535 populo
1361 1484 1443 1525 Ro·
1469 1490 1490 1522 2

92 1557 224 1585 mano
252 1546 446 1595 equitum
474 1551 606 1595 atque
632 1545 828 1595 peditum
855 1545 1016 1585 auxilia
1036 1546 1233 1591 mitteret,
1261 1555 1442 1594 sperans

38 1613 73 1642 25
92 1605 162 1644 vel
184 1605 446 1646 ostentando
467 1606 667 1645 virtutem
687 1604 757 1645 vel
779 1605 971 1645 hostium
992 1605 1175 1644 saevitia
1194 1604 1320 1644 facile
1342 1615 1442 1643 eum

93 1675 361 1711 occasurum,
383 1665 587 1714 praefecit
602 1664 814 1709 Numidis,
835 1675 947 1714 quos
968 1665 1010 1704 in
1027 1664 1284 1713 Hispaniam
1306 1664 1443 1702 mitte-

93 1724 178 1763 bat.
217 1723 295 1763 sed
323 1735 374 1763 ea
402 1735 466 1763 res
494 1724 626 1774 longe
649 1723 780 1770 aliter,
807 1735 858 1763 ac
880 1728 994 1763 ratus
1017 1728 1116 1769 erat,
1144 1723 1300 1763 evenit.
1339 1733 1441 1761 nam
1470 1730 1489 1760 3

92 1782 308 1833 Iugurtha,
329 1788 373 1822 ut
396 1788 483 1823 erat
505 1784 674 1833 inpigro
697 1788 827 1833 atque
842 1784 927 1822 acri
943 1783 1133 1833 ingenio,
1154 1783 1228 1822 ubi
1244 1786 1442 1821 naturam
1470 1789 1491 1820 4

93 1842 137 1882 P.
153 1841 381 1891 Scipionis,
403 1843 476 1892 qui
497 1847 588 1882 tum
610 1842 818 1882 Romanis
840 1843 1072 1892 imperator
1093 1846 1193 1888 erat,
1215 1846 1256 1881 et
1276 1852 1442 1881 morem

156 1947 169 1978 1
207 1948 357 1979 inertiae
390 1957 511 1987 neque
543 1957 721 1987 corrump.
741 1948 882 1980 Fronto
992 1947 1012 1979 2
1044 1947 1209 1986 equitare
1230 1970 1238 1978 .
1253 1970 1262 1978 .
1278 1970 1286 1978 .
1307 1949 1443 1979 certare

94 1993 195 2026 Serv.
215 1995 302 2026 Aen.
321 1999 351 2033 2,
367 1998 427 2026 132
477 1995 623 2027 iaculari
650 1997 813 2034 equitare
838 1995 960 2027 Diom.
979 1996 1096 2027 Macr.
1164 2003 1269 2026 cursu
1291 2018 1299 2026 .
1316 2018 1324 2025 .
1339 2017 1348 2025 .
1368 2002 1444 2026 cer-

94 2044 169 2074 tare
189 2041 295 2074 Aras.
308 2051 466 2082 yramm.
478 2042 536 2075 Vll
547 2047 619 2081 459,
632 2046 653 2074 3
711 2043 731 2075 3
753 2046 788 2074 et
808 2051 889 2075 cum
905 2066 913 2074 .
930 2066 937 2074 .
953 2066 961 2074 .
976 2051 1059 2074 esse
1072 2042 1168 2073 Don.
1184 2042 1262 2074 Ter.
1277 2042 1390 2073 Andr.
1405 2045 1444 2073 65

154 2089 270 2128 gloria
295 2099 366 2121 om.
379 2089 501 2122 Diom.
575 2090 596 2122 4
616 2093 714 2122 esset
734 2089 900 2121 XNFlm
952 2090 1125 2129 pleraque
1140 2112 1149 2120 .
1164 2112 1173 2121 .
1188 2089 1312 2128 „loqui
1331 2089 1444 2121 Macr.

96 2144 170 2168 exc.
195 2146 353 2176 yramm.
373 2137 399 2168 V
421 2141 492 2174 624,
506 2141 546 2170 28
643 2137 662 2169 5
695 2138 840 2169 leonem
863 2161 871 2168 .
887 2161 895 2168 .
911 2161 919 2168 .
940 2137 1033 2169 feras
1065 2136 1169 2169 Serv.
1195 2137 1285 2169 Aen.
1307 2139 1357 2174 10,
1371 2139 1444 2168 836.

96 2185 160 2215 ecl.
179 2188 210 2222 2,
224 2188 264 2215 49
355 2183 381 2216 6⁷
403 2184 533 2222 iacere,
561 2186 748 2217 minimum
775 2184 915 2217 Fronto
942 2185 1056 2216 Macr.
1078 2184 1146 2216 fac.
1167 2187 1203 2216 et
1229 2185 1315 2215 min.
1336 2184 1444 2215 codd.

155 2230 199 2262 27
232 2240 316 2262 nam
338 2255 346 2263 .
367 2255 375 2263 .
397 2255 405 2263 .
427 2229 503 2271 (17)
535 2233 682 2264 honesti
714 2232 853 2264 Fronto
886 2230 1044 2271 (Hauler
1073 2241 1111 2271 p.
1138 2235 1195 2263 161
1223 2241 1278 2272 sq.
1306 2233 1343 2263 et
1369 2230 1445 2269 166)

156 2277 201 2310 29
227 2279 289 2318 qui
310 2303 318 2311 .
334 2302 342 2310 .
358 2302 366 2310 .
386 2283 462 2311 erat
481 2280 577 2312 Don.
601 2279 679 2312 Ter.
699 2280 766 2311 Aa.
787 2283 844 2311 671
902 2280 1098 2318 imperator
1117 2278 1220 2311 Rom.
1242 2282 1318 2311 erat
1338 2279 1444 2310 Aras.

97 2333 254 2363 yramm.
272 2326 329 2358 Vll
346 2329 417 2365 481,
430 2330 469 2358 21

170 2385 365 2414 Sallustius:
388 2386 543 2418 Catilina,
567 2388 729 2422 Iugurtha
762 2388 815 2416 ed.
833 2387 994 2421 Ahlberg.
1015 2388 1160 2418 (Maiora
1210 2383 1233 2417 5
