1593 2496
381 69 583 106 BELLUM
612 69 976 106 IUGURTHINUM
1006 74 1145 106 28—30
1387 78 1442 116 77

92 184 228 235 gratia
256 183 519 222 effecturum.
553 187 706 232 postea
732 193 837 222 vero
865 193 996 232 quam
1019 184 1271 232 participem
1294 185 1443 234 negoti

93 241 301 282 Scaurum
329 243 506 292 accepit,
534 243 576 281 in
603 252 854 281 maxumam
882 253 1006 291 spem
1031 242 1246 282 adductus
1267 254 1444 292 recupe-

93 302 254 341 randae
290 302 409 350 pacis
442 302 589 340 statuit
623 311 720 340 cum
755 301 806 340 iis
840 301 895 340 de
928 301 1133 341 omnibus
1166 302 1443 351 pactionibus

92 371 298 410 praesens
331 371 472 411 agere.
512 365 700 400 ceterum
734 361 897 400 interea
924 360 1026 400 fidei
1053 371 1186 400 causa
1213 362 1391 401 mittitur
1417 373 1444 401 a
1469 365 1490 396 4

48 429 65 455 5
92 420 271 460 consule
292 419 464 459 Sextius
486 424 690 470 quaestor
710 421 752 458 in
775 419 987 469 oppidum
1008 419 1240 470 Iugurthae
1259 420 1442 471 Vagam.

91 480 249 528 quoius
275 480 334 519 rei
363 480 531 529 species
558 484 647 519 erat
668 480 863 528 acceptio
885 479 1098 526 frumenti,
1125 480 1244 529 quod
1267 479 1443 530 Calpur-

90 539 187 578 nius
203 538 346 588 palam
363 539 516 589 legatis
531 540 830 588 imperaverat,
846 540 1054 588 quoniam
1071 539 1305 580 deditionis
1321 551 1443 580 mora

90 597 283 638 indutiae
316 599 600 648 agitabantur.
637 599 764 648 igitur
784 609 869 644 rex,
901 599 961 638 uti
983 600 1274 646 constituerat,
1309 600 1351 638 in
1373 610 1441 639 ca-
1469 604 1489 636 5

90 661 174 696 stra
196 658 328 704 venit,
349 668 399 697 ac
420 668 560 707 pauca
582 658 798 707 praesenti
821 657 1003 698 consilio
1020 657 1191 698 locutus
1207 658 1262 698 de
1277 659 1444 699 invidia

39 716 189 755 iufacti
223 717 289 756 sui
322 721 454 766 atque
487 718 546 757 uti
581 717 623 755 in
659 716 927 757 deditionem
962 718 1237 766 acciperetur,
1276 718 1444 768 reliqua

90 787 187 814 cum
209 775 355 815 Bestia
376 780 417 815 et
438 775 600 816 Scauro
623 780 789 816 secreta
809 777 1016 826 transigit.
1049 777 1150 816 dein
1172 782 1347 827 postero
1370 778 1443 818 die

89 835 213 884 quasi
236 846 311 885 per
331 840 518 875 saturam
541 836 765 875 sententiis
782 836 1007 885 exquisitis
1028 837 1070 875 in
1087 836 1356 877 deditionem
1372 848 1440 877 ac-

89 894 251 943 cipitur.
285 895 375 941 sed‚
403 896 463 934 uti
491 906 567 944 pro
596 895 779 935 consilio
807 895 1066 944 imperatum
1089 902 1190 943 erat,
1217 896 1439 946 elephant-i
1466 902 1487 934 6

89 954 271 1003 triginta,
296 964 429 1003 pecus
450 958 581 1004 atque
603 955 703 1004 equi
725 953 846 993 multi
869 965 967 994 curn
989 966 1125 1004 parvo
1146 957 1312 1006 argenti
1334 967 1443 1006 pon-

35 1021 68 1047 15
88 1013 189 1052 dere
216 1014 435 1062 quaestori
463 1014 696 1053 traduntur.
731 1013 990 1063 Calpurnius
1017 1014 1200 1055 Romam
1228 1015 1283 1055 ad
1306 1017 1441 1066 magi·
1468 1021 1488 1052 7

86 1076 242 1111 stratus
274 1073 496 1122 rogandos
532 1073 826 1122 proficiscitur.
866 1074 908 1112 in
936 1073 1143 1114 Numidia
1176 1080 1217 1115 et
1251 1076 1440 1115 exercitu

86 1135 233 1171 nostro
262 1143 345 1181 pax
372 1132 657 1182 agitabantur.

145 1190 381 1240 Postquam
418 1203 484 1231 res
516 1193 559 1231 in
587 1191 731 1231 Africa
763 1196 909 1241 gestas
942 1204 1121 1242 quoque
1154 1194 1288 1234 modo
1316 1195 1507 1235 actae30

85 1249 224 1290 forent
249 1250 365 1289 fama
392 1250 644 1301 divolgavit,
676 1250 841 1291 Romae
869 1263 944 1301 per
971 1254 1113 1292 omnis
1134 1253 1255 1293 locos
1277 1258 1318 1293 et
1339 1264 1440 1294 con-

30 1317 66 1343 20
84 1314 241 1349 ventus
263 1310 318 1349 de
339 1309 451 1350 facto
474 1310 665 1350 consulis
687 1311 850 1360 agitari.
883 1311 1001 1360 apud
1023 1312 1196 1361 plebem
1218 1314 1363 1362 gravis
1378 1314 1440 1353 in-

85 1368 214 1414 vidia,
236 1373 379 1418 patres
394 1369 564 1409 solliciti
581 1374 716 1409 erant:
739 1370 1029 1419 probarentne
1043 1376 1208 1410 tantum
1225 1371 1439 1422 flagitium

85 1438 140 1466 an
177 1427 397 1468 decretum
434 1429 625 1468 consulis
662 1429 974 1476 subvorterent,
1011 1441 1163 1479 parurn
1197 1432 1438 1472 constabat.

86 1498 136 1526 ac
162 1498 366 1527 maxume
393 1499 471 1527 eos
498 1489 693 1538 potentia
720 1488 880 1535 Scauri,
907 1490 1027 1538 quod
1062 1491 1097 1529 is
1124 1496 1276 1530 auctor
1301 1495 1343 1531 et
1369 1503 1438 1531 so-

86 1547 176 1585 cius
203 1546 376 1586 Bestiae
403 1547 628 1593 ferebatur,
656 1559 681 1586 a
707 1559 811 1588 vero
839 1548 1049 1598 bonoque
1076 1550 1356 1599 impediebat.
1394 1555 1438 1590 at
1464 1556 1485 1587 2

29 1613 64 1640 25
85 1604 128 1645 C.
150 1604 394 1652 Memmius,
422 1608 580 1656 quoius
608 1607 663 1647 de
689 1607 885 1647 libertate
912 1608 1059 1657 ingeni
1087 1613 1129 1648 et
1155 1609 1258 1650 odio
1286 1614 1437 1659 poten·
1465 1614 1485 1647 3

83 1665 168 1704 tiae
189 1665 425 1705 nobilitatis
447 1677 577 1715 supra
597 1666 797 1713 diximus,
818 1668 926 1706 inter
947 1667 1265 1708 dubitationem
1287 1674 1329 1708 et
1345 1681 1437 1709 mo-

84 1734 150 1763 ras
177 1729 355 1764 senatus
384 1725 661 1765 contionibus
689 1725 901 1775 populum
929 1727 984 1766 ad
1005 1718 1319 1767 vindicandum
1341 1728 1438 1769 hor-

83 1784 172 1829 tari,
199 1795 389 1830 monere,
416 1796 471 1824 ne
498 1785 848 1834 rem-publicam,
874 1797 930 1826 ne
954 1785 1196 1826 libertatem
1217 1798 1342 1827 suam
1364 1787 1438 1827 de-

83 1848 283 1889 sererent,
316 1843 452 1883 multa
479 1844 667 1893 superba
694 1850 735 1884 et
761 1845 952 1884 crudelia
979 1845 1170 1886 facinora
1197 1846 1436 1887 nobilitatis

28 1909 65 1936 30
85 1902 332 1948 ostendere;
360 1914 533 1952 prorsus
561 1904 752 1943 intentus
780 1905 898 1944 omni
920 1905 1054 1945 modo
1077 1905 1218 1954 plebis
1238 1907 1434 1945 animum

82 1961 354 2001 incendebat.

144 2041 183 2073 11
219 2042 303 2074 dein
326 2068 332 2074 .
349 2067 357 2075 .
373 2067 380 2074 .
402 2044 576 2082 accipitur
602 2044 720 2076 *Festa
738 2054 776 2085 p.
795 2048 868 2083 314,
887 2048 929 2076 34
954 2045 1075 2077 Diom.
1095 2055 1252 2085 gramm.
1272 2047 1290 2079 Ι
1307 2050 1378 2086 486,
1394 2051 1435 2079 15

142 2089 278 2121 deinde
304 2089 424 2122 Diom.
446 2094 593 2130 postero
615 2090 675 2123 die
695 2101 766 2124 om.
786 2091 907 2124 Diom.
982 2092 1027 2125 23
1048 2089 1117 2125 eos*
1134 2119 1141 2125 .
1158 2117 1187 2126 ..
1208 2094 1437 2133 impediebat

81 2136 188 2169 Aras.
207 2146 365 2177 yramm.
384 2137 442 2169 VII
459 2142 530 2177 486,
548 2143 566 2170 7
639 2142 713 2178 pot.
740 2138 865 2171 Scauri
885 2148 951 2172 eos
972 2140 1078 2172 Aras.
1148 2141 1248 2180 quod
1268 2166 1276 2174 .
1289 2164 1298 2174 .
1312 2165 1321 2174 .
1342 2141 1434 2174 fere·

83 2184 185 2215 batur
211 2193 282 2216 om.
302 2185 408 2216 Arus.
483 2185 528 2217 26
555 2186 646 2218 inter
667 2186 932 2219 dubitationem
954 2188 1061 2220 Arus.
1080 2197 1238 2228 yramm.
1254 2189 1311 2221 VII
1327 2192 1400 2228 482,
1413 2193 1435 2221 2

139 2231 185 2263 28
206 2240 356 2264 monere
376 2240 423 2264 ne
443 2241 515 2264 rem
538 2242 572 2272 p.
588 2242 634 2265 ne
654 2234 715 2266 lib.
730 2229 821 2265 N¹m
837 2243 987 2266 monere
1001 2243 1074 2267 rem
1096 2244 1131 2274 p.
1146 2232 1198 2275 (p.
1212 2244 1301 2269 rom.
1321 2235 1434 2277 corr.)

82 2286 129 2310 ne
163 2278 224 2311 lib.
256 2278 288 2310 Α
323 2288 471 2311 monere
512 2280 550 2312 P.
577 2280 617 2312 R.
645 2290 691 2312 ne
730 2281 790 2314 lib.
817 2281 882 2313 PB
903 2279 1083 2322 (movere)
1099 2284 1169 2314 lsn
1203 2292 1353 2316 monere
1385 2290 1435 2316 ne

82 2333 169 2364 pop.
190 2335 276 2358 rom.
298 2335 345 2358 ne
377 2327 439 2359 lib.
460 2326 487 2359 C
520 2336 668 2360 monere
701 2338 735 2367 p.
757 2337 781 2361 r.
801 2337 849 2361 ne
876 2338 987 2368 remp.
1008 2338 1056 2362 ne
1081 2330 1142 2361 lib.
1164 2331 1241 2363 rell.
