1593 2496
149 75 207 114 92
588 67 628 105 C.
650 68 894 105 SALLUSTI
922 68 1079 105 CRISPI

151 182 236 227 bat,
271 181 483 231 oppidum
512 180 799 220 Numidarum
826 182 1004 221 nomine
1029 180 1166 231 Vaga,
1198 181 1338 221 forum
1366 192 1505 221 rerum

149 240 372 280 venalium
402 241 533 280 totius
560 241 681 289 regni
701 251 907 280 maxume
928 239 1204 287 celebratum,
1232 241 1306 280 ubi
1328 245 1370 281 et
1389 241 1507 281 inco-

150 300 237 340 lere
268 304 309 339 et
337 300 514 340 mercari
542 303 861 339 consueverant
886 298 1020 339 italici
1046 300 1217 349 generis
1244 299 1368 339 multi
1394 311 1507 340 mor-

103 363 125 395 2
153 359 273 399 tales.
307 359 390 398 huc
412 358 577 404 consul,
604 358 733 397 simul
754 358 996 408 temptandi
1016 359 1164 408 gratia,
1191 359 1226 398 si
1247 363 1505 408 paterentur,

152 423 195 458 et
220 414 336 467 (ob)
363 417 711 467 opportunitates
733 417 828 464 loci,
855 417 1121 467 praesidium
1142 418 1346 467 inposuit.
1385 429 1505 467 prae·
1537 424 1555 451 5

151 482 268 518 terea
295 478 523 526 imperavit
551 476 812 516 trumentum
841 481 882 516 et
908 476 1004 523 alia,
1035 488 1149 526 quae
1175 477 1291 517 bello
1325 478 1423 517 usui
1444 477 1505 517 fo-

151 541 255 583 rent,
284 540 552 585 conportare,
585 540 713 582 ratus,
746 536 788 575 id
816 536 936 585 quod
963 547 1030 575 res
1057 536 1276 583 monebat,
1308 536 1505 586 frequen-

151 597 256 635 tiam
289 595 612 645 negotiatorum
647 599 688 634 et
721 591 1046 644 commeatum]
1075 596 1319 635 iuvaturam
1346 596 1506 635 exerci-

102 659 125 693 3
150 659 241 695 tum
277 659 317 694 et
350 655 435 694 iam
470 655 629 703 paratis
662 654 790 693 rebus
823 655 1094 694 munimento
1123 654 1223 694 iore.
1260 656 1368 694 inter
1395 654 1504 694 haec

150 715 329 765 negotia
349 714 554 764 Iugurtha
574 714 814 763 impensius
835 713 970 753 modo
988 713 1157 763 legatos
1172 713 1392 763 supplices
1407 714 1502 753 mit·
1522 718 1557 746 10

152 778 252 820 tere,
274 784 426 823 pacem
449 784 582 818 orare,
604 777 771 822 praeter
785 783 910 812 suam
926 773 1248 822 liberorumque
1263 774 1397 812 vitam
1414 784 1505 813 om-

103 838 126 870 4
152 834 225 872 nia
252 832 428 872 Metello
457 832 629 872 dedere.
668 843 780 881 quos
807 832 909 871 item
937 832 997 871 uti
1025 833 1189 881 priores
1217 832 1369 872 consul
1391 831 1504 872 illec-

151 896 220 932 tos
236 892 291 932 ad
307 892 599 942 proditionem
615 891 796 930 domum
812 891 1067 938 dimittebat,
1084 892 1173 941 regi
1190 902 1356 940 pacem,
1372 902 1504 941 quam

151 951 414 1002 postulabat,
440 961 585 1000 neque
611 951 803 990 abnuere
829 961 974 1000 neque
1001 950 1193 1000 polliceri
1228 956 1268 990 et
1296 952 1403 990 inter
1430 961 1505 990 eas

151 1021 297 1051 moras
324 1011 539 1060 promissa
565 1009 808 1060 legatorum
837 1014 1075 1059 expectare.
1525 1009 1560 1041 ¹5

88 1070 148 1112 48
215 1070 419 1120 Iugurtha
446 1070 520 1108 ubi
547 1069 710 1108 Metelli
736 1069 850 1108 dicta
871 1080 969 1108 cum
991 1069 1112 1108 factis
1134 1070 1367 1119 conposuit
1386 1080 1437 1108 ac
1457 1080 1504 1108 se

155 1130 246 1169 suis
273 1129 436 1169 artibus
463 1129 662 1178 temptari
690 1128 1009 1173 animadvortit,
1037 1129 1200 1178 quippe
1228 1129 1333 1178 quoi
1359 1128 1503 1168 verbis

154 1200 240 1238 pax
265 1188 555 1234 nuntiabatur,
589 1191 778 1227 ceterum
813 1199 857 1226 re
884 1187 1047 1227 bellum
1076 1199 1375 1236 asperrumum
1403 1192 1504 1233 erat,

153 1248 255 1288 urbs
282 1258 487 1287 maxuma
522 1247 721 1292 alienata,
755 1258 858 1297 ager
892 1247 1092 1287 hostibus
1124 1247 1336 1297 cognitus,
1369 1247 1503 1286 animi

154 1307 429 1357 popularium
459 1307 667 1356 temptati,
700 1310 876 1346 coactus
904 1317 1043 1345 rerum
1071 1306 1394 1345 necessitudine
1421 1311 1504 1345 sta·
1524 1305 1560 1334 20

106 1371 127 1404 2
153 1368 233 1406 tuit
266 1367 395 1406 armis
428 1371 600 1406 certare.
636 1366 764 1415 igitur
796 1365 1020 1414 explorato
1049 1365 1238 1405 hostium
1267 1366 1428 1411 itinere,
1462 1366 1504 1404 in

153 1437 278 1475 spem
311 1426 518 1465 victoriae
551 1425 766 1464 adductus
800 1436 851 1464 ex
885 1425 1208 1474 opportunitate
1241 1425 1336 1471 loci,
1373 1435 1503 1474 quam

154 1496 383 1524 maxumas
411 1489 554 1533 potest
581 1485 730 1533 copias
759 1484 955 1523 omnium
981 1494 1190 1533 generum
1219 1488 1410 1533 paratae
1431 1495 1505 1532 per

153 1545 346 1584 tramites
372 1544 567 1584 occultos
594 1544 827 1583 exercitum
855 1542 1017 1582 Metelli
1043 1544 1274 1583 antevenit.

107 1609 129 1641 3
215 1603 312 1643 Erat
343 1604 385 1643 in
420 1614 473 1642 ea
499 1606 618 1652 parte
645 1602 889 1647 Numidiae,
923 1613 1053 1651 quam
1081 1602 1301 1641 Adherbal
1329 1603 1371 1642 in
1399 1602 1505 1641 divi·
1524 1601 1560 1629 25

155 1664 280 1703 sione
308 1662 574 1712 possederat,
602 1662 764 1701 flumen
793 1662 936 1701 oriens
963 1672 989 1700 a
1015 1661 1193 1701 meridie
1214 1663 1392 1702 nomine
1414 1661 1504 1700 Mu-

154 1722 259 1768 thul,
285 1733 311 1761 a
338 1733 425 1772 quo
452 1722 601 1761 aberat
627 1732 754 1760 mons
781 1720 912 1760 ferme
934 1720 1053 1759 milia
1072 1722 1225 1770 viginti
1245 1725 1379 1760 tractu
1401 1721 1503 1770 pari,

153 1786 306 1821 vastus
340 1781 394 1820 ab
427 1785 580 1820 natura
613 1785 654 1820 et
687 1780 879 1819 humano
917 1780 1045 1819 cultu.
1084 1780 1161 1819 sed
1195 1791 1247 1819 ex
1275 1791 1328 1819 eo
1356 1780 1502 1820 medio

157 1842 281 1890 quasi
316 1840 438 1880 collis
472 1840 699 1885 oriebatur,
732 1840 774 1878 in
802 1840 1048 1878 inmensum
1083 1839 1343 1889 pertingens,
1375 1840 1503 1878 vesti-

216 1946 237 1975 4
263 1946 291 1976 si
314 1948 522 1984 paterentur
540 1948 576 1977 et
596 1946 644 1976 ob
664 1944 837 1977 Schmalz
856 1947 892 1976 et
910 1944 941 1976 si
962 1946 1168 1983 paterentur
1187 1945 1293 1976 codd.
1368 1944 1389 1975 8
1410 1953 1503 1976 corr.

157 1992 280 2024 Ursin.
331 1993 529 2024 iuvaturam
550 1993 704 2031 Madvig]
729 1993 931 2023 iuvaturum
959 1992 1066 2023 codd.
1142 1991 1184 2022 16
1205 1992 1267 2022 ubi
1289 2015 1296 2023 .
1312 2015 1320 2024 .
1335 2015 1344 2023 .
1364 2000 1503 2030 conpo-

155 2041 228 2071 suit
240 2040 335 2072 Non.
347 2050 384 2079 ρ.
398 2044 470 2078 257,
484 2044 525 2071 22
574 2040 620 2072 20
633 2042 782 2072 coactus
795 2063 802 2070 .
813 2064 820 2071 .
830 2042 982 2071 .certare
996 2038 1090 2070 Non.
1103 2048 1139 2078 ρ,
1154 2042 1227 2078 335,
1235 2043 1276 2070 38
1325 2039 1370 2072 23
1385 2047 1448 2078 per
1459 2061 1484 2071 ..
1495 2062 1503 2070 .

156 2087 343 2119 antevenit
368 2087 489 2120 Scssiol.
511 2087 607 2120 Stat.
633 2087 741 2118 leeb.
762 2091 790 2124 6,
807 2090 867 2118 148
951 2085 996 2117 27
1023 2095 1043 2116 a
1071 2095 1143 2124 quo
1166 2110 1173 2118 .
1190 2111 1197 2117 .
1213 2110 1220 2118 .
1242 2086 1370 2126 viginti
1396 2086 1502 2118 Arus-

156 2143 315 2174 yramm.
333 2134 390 2165 Vll
408 2138 479 2171 455,
494 2139 534 2166 25
584 2135 707 2166 aberat
728 2157 735 2165 .
751 2157 760 2165 .
775 2157 783 2165 .
805 2134 901 2166 cultu
920 2133 1015 2165 Non.
1030 2143 1065 2172 ρ.
1084 2136 1153 2170 185,
1170 2137 1208 2164 12
1259 2133 1357 2165 milia
1374 2133 1501 2172 viginti

158 2177 302 2213 A¹F²m
323 2182 429 2214 Aras.
452 2182 548 2213 milia
575 2189 747 2220 passuum
781 2181 909 2220 viginti
935 2179 1083 2211 XKlsn
1110 2180 1207 2212 Non.
1233 2181 1330 2212 milia
1362 2181 1503 2212 habens

158 2227 245 2267 (del.
260 2226 306 2269 B)
328 2237 499 2267 passuum
521 2229 649 2268 viginti
669 2224 756 2260 ΑΕΒ
779 2228 877 2259 milia
896 2228 1024 2267 viginti
1045 2236 1218 2266 passuum
1239 2227 1271 2259 H
1284 2224 1501 2266 Ppassuum

157 2276 286 2316 viginti
306 2276 349 2312 N,
371 2286 400 2307 υ.
422 2276 476 2313 Aa
500 2280 557 2308 132
631 2275 674 2307 28
695 2278 818 2307 vastus
838 2300 844 2306 .
862 2298 869 2307 .
885 2298 894 2307 .
914 2275 1011 2307 cultu
1031 2274 1130 2307 Seru.
1152 2275 1225 2307 Aen
1246 2278 1276 2313 8,
1290 2278 1310 2306 8
1377 2274 1421 2306 29
1442 2283 1503 2306 ve-

158 2324 263 2355 stitus
284 2347 292 2356 .
309 2348 315 2354 .
332 2347 339 2354 .
360 2324 525 2355 arborum
554 2322 674 2355 Sclzol.
695 2322 789 2354 Stat.
816 2322 923 2354 Theb.
946 2326 975 2359 5,
993 2326 1031 2353 16
