1593 2496
116 61 172 99 20
545 54 584 91 C.
606 55 850 92 SALLUSTI
879 55 1036 92 CRISPI

69 165 89 195 5
176 167 235 205 Ea
268 178 334 206 res
367 168 409 206 in
444 168 591 216 primis
625 167 768 206 studia
801 168 1028 207 hominum
1056 167 1253 207 accendit
1279 167 1334 206 ad
1363 179 1463 207 con-

69 229 89 260 6
117 226 306 265 sulatum
327 226 627 265 mandandum
649 226 704 267 M.
719 226 860 267 Tullio
883 225 1090 266 Ciceroni.
1123 238 1314 276 namque
1335 231 1463 267 antea

116 285 323 334 pleraque
362 285 566 325 nobilitas
606 286 770 324 invidia
809 287 1053 331 aestuabat,
1093 291 1134 325 et
1167 288 1292 335 quasi
1326 286 1460 335 pollui

117 345 391 384 consulatum
419 345 664 390 credebant,
692 346 727 384 si
755 356 853 384 eum
882 346 1082 394 quamvis
1105 346 1305 395 egregius
1326 346 1460 386 homo

116 415 259 444 novos
293 404 478 453 adeptus
511 404 629 443 foret.
676 404 753 443 sed
787 404 860 443 ubi
894 405 1132 453 periculum
1167 405 1360 450 advenit,
1399 406 1460 444 in-
1495 413 1515 440 5

49 462 234 502 24vidia
261 467 392 512 atque
419 463 623 512 superbia
649 468 748 511 post
774 463 903 503 fuere.
942 464 1069 513 igitur
1096 464 1280 502 comitiis
1302 464 1460 504 habitis

115 522 318 561 consules
355 522 625 561 declarantur
658 522 712 562 M.
734 522 900 561 Tullius
934 528 975 562 et
1008 521 1051 562 C.
1071 522 1301 562 Antonius.
1340 523 1460 573 quod

66 585 86 616 2
114 581 273 620 factum
301 582 440 630 primo
469 581 692 630 popularis
720 582 1031 621 coniurationis
1060 587 1349 622 concusserat.
1387 594 1460 622 ne-

114 651 200 689 que
220 646 366 680 tamen
390 639 599 680 Catilinae
620 640 734 679 furor
754 641 1039 693 minuebatur,
1061 640 1137 679 sed
1160 641 1202 679 in
1225 641 1318 680 dies
1339 641 1462 690 plura

114 700 294 749 agitare:
329 711 448 739 arma
482 711 556 748 per
582 699 747 738 Italiam
775 699 882 739 locis
910 701 1166 749 opportunis
1194 711 1355 748 parare,
1389 712 1460 749 pe·
1481 707 1516 736 10

115 760 286 798 cuniam
340 770 420 797 sua
464 764 537 797 aut
582 759 821 798 amicorum
867 759 954 798 fide
1000 764 1217 807 sumptam
1265 765 1469 812 mutuam

113 818 320 857 Faesulas
360 818 415 857 ad
454 817 666 857 Manlium
707 818 927 867 quendam
969 823 1154 867 portare,
1194 820 1267 867 qui
1307 824 1461 867 postea

67 881 86 912 3
115 878 314 926 princeps
354 877 430 916 fuit
472 876 571 916 belli
612 877 814 916 faciundi.
861 889 912 916 ea
944 882 1203 926 tempestate
1236 877 1460 926 plurumos

114 937 362 985 quoiusque
384 937 556 985 generis
584 936 785 975 homines
807 936 1047 976 adscivisse
1069 937 1150 975 sibi
1173 936 1336 982 dicitur,
1369 949 1461 976 mu-

112 995 238 1035 lieres
286 997 415 1035 etiam
461 996 639 1045 aliquot,
685 1006 798 1044 quae
843 997 981 1044 primo
1027 997 1214 1045 ingentis
1260 1002 1459 1045 sumptus
1481 1004 1515 1030 15

113 1060 262 1103 stupro
304 1056 495 1103 corporis
534 1054 841 1100 toleraverant,
881 1060 980 1103 post
1013 1055 1086 1094 ubi
1121 1060 1240 1094 aetas
1274 1060 1459 1094 tantum-

113 1114 247 1154 modo
289 1116 489 1163 quaestui
530 1125 674 1163 neque
714 1114 908 1153 luxuriae
947 1114 1133 1161 modum,
1168 1114 1343 1160 fecerat,
1383 1126 1459 1154 aes

64 1177 85 1208 4
113 1173 303 1212 alienum
337 1173 501 1223 grande
535 1173 841 1212 conflaverant.
881 1184 955 1221 per
988 1184 1062 1212 eas
1090 1184 1137 1212 se
1164 1172 1346 1212 Catilina
1374 1185 1460 1213 cre-

114 1232 244 1271 debat
278 1243 410 1281 posse
445 1233 618 1272 servitia
652 1232 817 1271 urbana
851 1232 1098 1277 sollicitare,
1131 1232 1280 1271 urbem
1315 1234 1458 1272 incen-

114 1292 227 1337 dere,
253 1294 369 1331 viros
398 1303 544 1331 earum
573 1291 642 1330 vel
671 1291 908 1340 adiungere
936 1292 1017 1330 sibi
1044 1291 1113 1330 vel
1141 1292 1390 1332 interficere.
1477 1297 1516 1332 2⁰,

46 1345 102 1383 25
173 1350 258 1390 Sed
296 1352 337 1389 in
366 1352 416 1389 iis
445 1357 532 1390 erat
560 1350 829 1399 Sempronia,
864 1362 977 1399 quae
1005 1351 1140 1389 multa
1166 1362 1299 1399 saepe
1325 1351 1458 1390 virilis

66 1414 86 1445 2
115 1410 325 1449 audaciae
371 1411 562 1449 facinora
607 1411 893 1449 commiserat.
951 1410 1059 1449 haec
1103 1409 1256 1449 mulier
1299 1421 1460 1460 genere

113 1474 244 1518 atque
272 1469 419 1515 forma,
454 1475 675 1518 praeterea
701 1470 792 1508 viro
820 1469 965 1508 liberis
993 1470 1096 1508 satis
1123 1469 1337 1508 fortunata
1364 1470 1460 1515 fuit;

113 1528 260 1567 litteris
289 1528 465 1568 Graecis
493 1529 654 1567 Latinis
688 1528 827 1573 docta,
861 1529 1045 1576 psallere
1080 1525 1151 1576 [et]
1187 1528 1341 1568 saltare
1375 1528 1459 1568 ele-

171 1646 185 1676 1
211 1646 256 1676 ad
272 1670 279 1677 .
296 1670 303 1677 .
320 1670 326 1676 .
344 1645 509 1677 Ciceroni
530 1646 628 1677 Sero.
644 1646 730 1677 Aen.
750 1649 780 1682 8,
795 1649 858 1676 500·
936 1646 956 1677 3
972 1645 1143 1676 invidiam
1161 1644 1229 1676 AC
1241 1645 1268 1675 B
1284 1642 1412 1683 (corr.)
1434 1653 1456 1676 n

168 1694 385 1724 aestimabat
410 1693 441 1724 X
468 1692 578 1731 (corr.
593 1692 638 1732 B)
654 1701 676 1723 n
751 1693 789 1723 11
820 1702 922 1724 suam
950 1690 1054 1730 Y(-H
1063 1690 1145 1731 F)m
1223 1692 1264 1723 15
1291 1701 1386 1730 quae
1401 1717 1408 1724 .
1425 1717 1432 1724 .
1448 1717 1457 1724 .

111 1740 351 1772 toleraverant
376 1741 482 1772 Al'r'l-S.
497 1750 653 1779 qramm.
673 1740 730 1771 Vll
753 1744 825 1778 513,
841 1744 856 1771 1
938 1741 1089 1778 primum
1115 1739 1222 1771 Aras.
1304 1739 1345 1770 16
1366 1739 1457 1771 tole-

111 1791 249 1819 raverat
280 1789 385 1819 Artis.
489 1788 531 1819 21
566 1789 632 1819 sed
652 1812 660 1819 .
676 1812 683 1819 .
700 1812 707 1819 .
728 1785 779 1826 (3)
818 1788 929 1819 decus
964 1787 1100 1818 Fronto
1134 1796 1166 1824 p.
1189 1789 1249 1818 110
1272 1786 1316 1818 N.
1337 1784 1456 1825 (Hau-

112 1836 165 1866 let·
199 1844 235 1872 J).
264 1839 324 1866 166
355 1833 426 1874 sq.)
546 1835 591 1866 22
631 1835 722 1867 haec
743 1859 750 1866 .
773 1860 780 1866 .
803 1859 810 1865 .
831 1835 896 1865 fuit
934 1835 1048 1866 Prisc.
1073 1843 1229 1873 yramm.
1255 1834 1305 1865 ΙΙΙ
1332 1838 1405 1873 235,
1424 1838 1455 1866 5.

171 1882 214 1913 23
243 1886 428 1920 praeterea
443 1907 451 1914 .
467 1908 474 1914 .
491 1907 498 1914 .
514 1883 694 1914 fortunata
724 1882 914 1922 Ευῃναρὶι.
941 1882 1017 1913 Ter.
1037 1881 1150 1912 Andr.
1170 1885 1221 1912 97.
1308 1881 1383 1912 viro
1399 1906 1407 1913 .
1423 1907 1430 1914 .
1447 1906 1456 1914 .

111 1928 176 1959 luit
202 1929 307 1960 Aras.
329 1939 484 1969 gramm.
505 1930 562 1962 Vll
585 1934 656 1967 473,
670 1933 711 1961 28
810 1931 886 1960 viro
918 1930 1040 1960 liberis
1065 1925 1156 1960 A¹m
1183 1929 1322 1960 Fronto
1348 1929 1454 1960 Aras.

110 1976 301 2016 Euqupll.
323 1978 398 2008 viro
435 1981 544 2016 atque
570 1978 692 2008 liberis
719 1977 796 2008 rell.
818 1978 924 2008 cosla.
945 1976 1071 2012 Prisc„
1098 1977 1207 2007 credo
1233 1976 1323 2008 Sall.
1338 1977 1455 2015 scrip-

110 2025 220 2055 sisse:
265 2032 411 2062 genere,
456 2025 581 2062 forma,
623 2028 809 2063 praeterea
841 2025 916 2055 viro
949 2028 1059 2062 atque
1090 2023 1223 2061 liberis,
1256 2025 1300 2062 cf.
1328 2026 1424 2061 c.20‚
1439 2027 1458 2054 7

109 2074 199 2109 58‚2,
215 2080 246 2102 ι).
262 2071 315 2109 Ay
331 2075 390 2102 129
404 2074 440 2103 et
455 2075 514 2103 182
575 2072 619 2103 24
634 2072 758 2103 litteris
774 2095 781 2102 .
799 2095 804 2100 .
821 2095 828 2103 .
845 2072 952 2102 docta
966 2071 1071 2102 Artes.
1085 2080 1240 2109 yramm.
1255 2070 1313 2102 VII
1328 2074 1399 2108 464,
1416 2074 1456 2101 18

110 2119 252 2157 graecis
284 2118 404 2150 latinis
430 2129 476 2150 ιιι.
492 2123 507 2150 1
528 2119 667 2150 Fronto
688 2128 738 2158 gr.
753 2122 788 2149 et
808 2119 928 2149 latinis
949 2118 1196 2149 XNMTlnm
1216 2127 1261 2149 m.
1275 2122 1296 2149 2
1314 2118 1454 2149 Fronto

110 2165 217 2196 Artes.
238 2174 289 2203 gr.
311 2172 420 2204 atque
447 2167 567 2197 latinis
595 2167 672 2198 rell.
693 2167 812 2203 codd„
839 2176 871 2198 v.
892 2167 956 2204 As).
979 2169 1038 2196 130
1133 2166 1286 2203 psallere
1302 2190 1309 2196 .
1326 2190 1333 2196 .
1349 2189 1356 2197 .
1372 2174 1453 2203 pro-

112 2213 180 2243 bae
206 2213 320 2244 Μαω·ο
347 2215 420 2244 sat.
440 2217 470 2251 3,
487 2218 536 2250 14,
550 2218 570 2245 5
595 2214 750 2252 Eutycll.
769 2223 925 2252 ymmm.
946 2212 972 2244 V
996 2216 1118 2250 477,29
1204 2212 1357 2250 psallere
1383 2212 1453 2242 sal-

111 2264 185 2290 tare
217 2260 356 2291 Fronto
382 2261 497 2292 Mucr.
525 2262 679 2299 psallere
706 2266 741 2291 et
766 2262 897 2292 saltare
923 2261 1029 2292 codd.
1050 2260 1203 2299 Eutyclz.
1253 2260 1404 2290 saltare.
1420 2283 1427 2290 .
1444 2283 1453 2290 .

113 2307 249 2345 probae
276 2307 375 2339 Serv.
406 2308 492 2339 Aen.
513 2312 597 2343 alst-9
622 2317 749 2347 georg.
771 2312 799 2346 1,
813 2311 875 2339 :550
980 2308 1110 2338 saltare
1136 2307 1286 2338 Ylsnm
1312 2306 1452 2338 Fronlo
