1593 2496
141 71 197 112 78
574 66 878 104 C.SALLUST1
905 66 1064 104 emsm

94 180 115 213 4
201 178 288 219 Sed
315 180 524 229 quoniam
552 191 604 219 ea
625 184 881 229 tempestate
903 180 1067 221 Romae
1089 180 1266 221 Memmi
1288 181 1490 221 facundia

140 237 255 278 clara
280 238 540 288 pollensque
568 238 655 285 fuit,
688 238 841 279 decere
868 240 1128 279 existumavi
1161 251 1293 280 unam
1321 251 1374 280 ex
1400 244 1489 280 tam

139 296 285 337 multis
321 298 562 338 orationem
596 298 689 338 eius
722 299 996 348 perscribere,
1029 310 1080 339 ac
1113 299 1402 348 potissumum
1437 310 1490 341 ea

139 356 294 403 dicam,
327 368 440 406 quae
473 357 516 396 in
544 357 749 398 contione
776 361 874 408 post
900 358 1084 398 reditum
1111 358 1282 398 Bestiae
1308 359 1489 399 huiusce

140 415 260 457 modi
286 416 429 456 verbis
457 416 674 456 disseruit:
1519 428 1538 455 5

74 472 123 512 31
200 470 351 514 ‘Multa
377 486 446 515 me
473 475 754 515 dehortantur
778 487 806 515 a
831 476 970 522 vobis,
998 475 1198 524 Quirites,
1225 477 1268 516 ni
1296 477 1487 516 studium

138 535 196 575 rei
230 533 429 583 publicae
463 535 612 575 omnia
638 540 830 584 superet:
864 547 972 586 opes
999 535 1210 582 factionis,
1241 541 1388 576 vostra
1415 547 1489 585 pa-

136 593 296 639 tientia,
329 594 396 633 ius
423 593 601 640 nullum,
634 605 685 634 ac
711 606 914 635 maxume
941 595 1061 644 quod
1089 595 1364 635 innocentiae
1391 594 1489 644 plus

91 653 109 685 2
137 652 314 703 periculi
335 664 467 703 quarn
489 653 667 694 honoris
689 658 763 695 est.
790 665 892 694 nam
914 653 986 694 illa
1006 654 1184 704 quidem
1200 655 1319 704 piget
1333 654 1487 700 dicere,

136 711 203 752 his
217 713 343 752 annis
355 712 605 762 quindecim
618 724 750 762 quam
765 712 950 754 ludibrio
963 713 1125 753 fueritis
1138 714 1368 763 superbiae
1382 724 1486 763 pau·
1509 723 1542 750 ιο

137 782 298 818 corum,
324 783 456 821 quam
484 771 612 812 foede
640 783 861 822 quamque
888 772 1010 812 inulti
1039 773 1239 822 perierint
1258 773 1392 813 vostri
1413 772 1486 812 de-

135 830 342 877 fensores,
363 835 408 870 ut
427 831 555 871 vobis
576 831 748 872 animus
770 832 824 871 ab
844 832 1021 882 ignavia
1034 836 1165 882 atque
1180 832 1382 872 socordia
1398 843 1487 871 cor-

88 890 108 923 3
135 894 286 940 ruptus
312 890 376 935 sit,
404 891 478 941 qui
505 901 560 930 ne
587 902 703 931 nunc
729 891 907 941 quidem
935 891 1138 931 obnoxiis
1159 891 1345 931 inimicis
1366 902 1488 931 exur-

134 950 233 1000 gitis
261 953 391 999 atque
418 950 549 990 etiam
576 961 691 990 nunc
715 951 874 991 timetis
895 962 984 996 eos,
1012 951 1170 1000 quibus
1192 950 1318 990 decet
1337 950 1485 990 terrori

88 1009 107 1040 4
135 1019 245 1049 esse.
278 1008 355 1048 sed
377 1019 645 1059 quamquam
667 1009 775 1050 haec
796 1010 899 1055 talia
920 1014 1031 1055 sunt,
1059 1014 1205 1050 tamen
1227 1009 1403 1050 obviam
1427 1009 1486 1048 ire
1508 1019 1543 1046 15

87 1069 107 1099 5
134 1068 334 1108 factionis
355 1069 576 1118 potentiae
596 1070 769 1109 animus
791 1069 963 1119 subigit.
996 1073 1109 1120 certe
1130 1080 1214 1119 ego
1234 1069 1488 1114 libertatem,

135 1138 248 1177 quae
275 1127 379 1167 mihi
401 1139 426 1167 a
447 1133 625 1177 parente
647 1139 745 1168 meo
765 1129 919 1168 tradita
934 1133 1010 1175 est,
1038 1129 1243 1177 experiar.
1275 1139 1428 1168 verum
1444 1127 1488 1166 id

134 1186 286 1227 frustra
307 1198 361 1226 an
383 1187 439 1228 ob
461 1198 549 1227 rem
572 1187 738 1233 faciam,
761 1189 803 1227 in
825 1192 970 1228 vostra
991 1198 1124 1227 manu
1139 1187 1268 1226 situm
1285 1191 1361 1233 est,
1383 1185 1488 1231 Qui-

137 1246 250 1286 rites.

85 1306 106 1337 6
192 1305 346 1355 Neque
367 1317 450 1356 ego
471 1317 552 1347 vos
574 1307 730 1352 hortor,
757 1306 877 1356 quod
898 1317 1033 1355 saepe
1055 1306 1242 1346 maiores
1263 1305 1397 1345 vostri
1426 1304 1482 1344 fe·
1504 1315 1539 1342 20

134 1375 240 1411 cere,
262 1365 321 1404 uti
342 1369 491 1405 contra
511 1366 688 1405 iniurias
710 1366 861 1405 armati
877 1366 996 1406 eatis.
1023 1365 1129 1404 nihil
1145 1366 1200 1411 vi,
1222 1364 1327 1404 nihil
1343 1375 1484 1404 seces-

133 1425 257 1464 sione
285 1436 396 1474 opus
424 1430 505 1469 est:
532 1436 713 1465 necesse
740 1428 805 1465 est
831 1428 1003 1465 suomet
1030 1425 1112 1474 ipsi
1135 1435 1254 1465 more
1277 1423 1486 1473 praecipi-

87 1484 105 1515 7
132 1487 196 1523 tes
224 1488 335 1523 eant.
376 1484 520 1524 occiso
548 1483 610 1524 Ti.
627 1483 831 1531 Graccho,
858 1495 989 1534 quern
1018 1495 1199 1534 regnum
1227 1494 1376 1533 parare
1398 1484 1484 1522 aie-

132 1542 247 1589 bant,
281 1543 323 1582 in
357 1542 530 1592 plebem
563 1543 805 1583 Romanam
839 1543 1121 1593 quaestiones
1156 1543 1330 1582 habitae
1363 1546 1482 1587 sunt;

133 1607 232 1651 post
258 1601 301 1643 C.
323 1601 494 1642 Cracchi
528 1607 568 1642 et
602 1601 645 1643 C
666 1602 788 1642 Fulvi
822 1602 1003 1643 caedem
1031 1603 1132 1642 item
1159 1601 1292 1643 vostri
1320 1601 1484 1641 ordinis
1504 1610 1539 1638 25

134 1661 255 1701 multi
289 1662 492 1702 mortales
521 1662 563 1701 in
591 1673 757 1702 carcere
785 1663 926 1702 necati
952 1666 1070 1702 sunt:
1098 1662 1322 1710 utriusque
1348 1660 1486 1700 cladis

87 1722 106 1752 8
134 1731 224 1761 non
251 1720 331 1767 lex,
358 1732 509 1761 verum
537 1721 687 1761 lubido
715 1732 866 1761 eorum
894 1722 1026 1761 finem
1054 1721 1162 1760 fecit.
1199 1719 1276 1760 sed
1298 1730 1404 1759 sane
1426 1719 1488 1758 fu-

134 1780 211 1819 erit
232 1780 350 1830 regni
373 1781 537 1830 paratio
560 1780 677 1830 plebi
698 1792 778 1820 sua
792 1781 1031 1825 restituere3
1052 1779 1259 1829 quicquid
1275 1779 1368 1818 sine
1390 1789 1488 1817 san-

88 1841 108 1872 9
134 1840 267 1889 guine
295 1840 453 1879 civium
483 1840 631 1880 ulcisci
658 1841 872 1889 nequitur,
899 1841 989 1879 iure
1015 1839 1175 1879 factum
1197 1839 1261 1878 sit.
1294 1839 1488 1887 superio-

134 1899 251 1938 ribus
271 1899 396 1938 annis
415 1899 533 1938 taciti
555 1899 902 1950 indignabamini
923 1899 1135 1939 aerarium
1151 1897 1341 1946 expilari,
1363 1907 1486 1946 reges
1505 1905 1543 1933 30

134 1961 175 1997 et
196 1957 385 2007 populos
406 1957 565 1998 liberos
588 1959 738 2007 paucis
753 1958 974 1998 nobilibus
988 1957 1174 2006 vectigal
1191 1956 1393 2006 pendere,
1416 1967 1487 2005 pe-

135 2028 214 2057 nes
247 2017 428 2057 eosdem
461 2022 503 2058 et
534 2029 751 2057 summam
779 2017 961 2068 gloriam
990 2021 1030 2057 et
1057 2027 1285 2055 maxumas
1312 2015 1486 2055 divitias

137 2087 243 2116 esse.
278 2080 423 2116 tamen
457 2077 566 2117 haec
594 2076 695 2116 talia
721 2076 913 2117 facinora
939 2077 1117 2125 impune
1139 2075 1386 2124 suscepisse
1413 2084 1489 2123 pa-

135 2147 228 2175 rum
250 2135 452 2182 habuere,
479 2136 626 2185 itaque
648 2140 868 2185 postremo
889 2135 1022 2186 leges,
1043 2135 1221 2174 maistas
1242 2137 1400 2179 vostra,
1427 2132 1489 2172 di-

191 2228 212 2261 3
239 2237 319 2261 eam
346 2224 590 2261 PA’CBMT
688 2229 709 2260 4
735 2227 845 2269 quae]
873 2237 982 2268 quam
1008 2222 1228 2260 P²CB²MT
1318 2225 1357 2258 11
1388 2226 1488 2257 multi

136 2275 283 2308 BMDn
360 2275 401 2308 12
428 2276 475 2308 ab
498 2300 528 2309 ..
544 2299 552 2310 .
573 2278 761 2315 corruptus
783 2276 889 2308 Aras.
909 2284 1066 2315 qramm.
1083 2275 1141 2306 Vll
1158 2277 1229 2306 460.
1246 2277 1284 2306 10
1359 2272 1401 2304 16
1422 2282 1490 2312 po·

135 2323 272 2356 tentiae
297 2322 469 2355 factionis
495 2318 615 2355 VP²n
694 2323 735 2355 18
763 2324 908 2362 situmq.
928 2326 983 2355 est
1009 2322 1042 2354 V
