1593 2496
378 55 651 94 CATILINAE
678 53 995 93 CONIURATIO
1023 58 1149 90 52„53
1386 59 1443 100 45

96 176 281 212 ratorum
310 171 469 211 civium
497 180 563 209 res
592 167 765 218 publica
793 168 835 207 in
863 177 1068 206 maxuma
1096 166 1286 215 pericula
1313 177 1444 206 vene-

96 232 156 278 rit,
189 232 306 280 iique
340 230 499 269 indicio
526 228 572 268 T.
592 227 784 268 Volturci
819 231 859 266 et
886 226 1128 276 legatorum
1159 225 1444 276 Allobrogum

97 291 280 331 convicti
315 288 592 337 confessique
625 288 709 326 sint
742 286 934 332 caedem,
968 285 1168 325 incendia
1195 284 1369 334 aliaque
1396 295 1444 324 se

99 349 227 390 foeda
260 354 390 398 atque
425 347 614 387 crudelia
647 346 837 386 facinora
869 346 911 384 in
939 345 1045 384 civis
1073 345 1345 394 patriamque
1373 354 1446 393 pa-

62 420 79 444 5
99 410 273 454 ravisse,
308 408 361 447 de
392 407 614 452 confessis,
649 406 772 445 sicuti
801 404 856 444 de
882 403 1137 444 manufestis
1165 415 1303 444 rerum
1333 404 1446 452 capi-

97 468 258 513 talium,
286 478 407 506 more
435 466 648 506 maiorum
676 464 938 514 supplicium
966 459 1260 504 sumundum.'

105 568 110 572 ,
156 527 391 576 Postquam
426 525 531 566 Cato
565 524 747 570 adsedit,
781 522 1032 564 consulares
1066 533 1220 562 omnes
1254 522 1512 571 itemque53

99 591 276 626 senatus
303 596 463 635 magna
491 595 589 634 pars
617 584 877 624 sententiam
906 583 1000 622 eius
1026 581 1217 627 laudant,
1244 582 1446 621 virtutem

98 646 230 685 animi
264 645 317 684 ad
352 644 520 684 caelum
549 643 699 689 ferunt,
733 642 803 682 alii
831 642 941 682 alios
970 642 1243 690 increpantes
1270 639 1447 680 timidos

46 713 78 740 ¹0
97 709 267 745 vocant.
307 703 412 744 Cato
440 703 579 743 clarus
606 707 737 752 atque
764 713 949 751 magnus
977 700 1176 746 habetur;
1210 700 1347 740 senati
1375 699 1448 739 de-

99 769 259 804 cretum
288 763 345 809 fit,
373 764 496 803 sicuti
524 762 595 801 ille
623 766 860 801 censuerat.

156 822 244 863 Sed
272 823 377 862 mihi
405 821 540 861 multa
566 821 739 871 legenti,
774 820 908 860 multa
936 819 1141 865 audienti,
1169 830 1284 869 quae
1311 829 1447 868 popu-
1476 821 1497 852 2

99 883 164 922 lus
192 882 416 922 Romanus
445 881 563 921 domi
591 880 869 929 militiaeque,
902 880 1007 918 mari
1036 884 1167 929 atque
1194 883 1303 918 terra
1330 888 1449 927 prae-

101 941 213 981 clara
254 941 444 981 facinora
483 941 592 986 fecit,
631 939 738 979 forte
778 939 916 978 lubuit
955 938 1189 983 attendere,
1228 948 1342 988 quae
1382 947 1450 976 res

50 1009 82 1035 ¹5
102 1012 305 1040 maxume
349 1005 466 1040 tanta
511 1000 689 1049 negotia
727 999 1015 1038 sustinuisset.
1067 998 1259 1037 sciebam
1299 1007 1450 1046 saepe·
1478 999 1500 1032 3

100 1071 281 1100 numero
316 1071 449 1109 parva
481 1070 613 1098 manu
647 1070 744 1098 cum
780 1059 951 1107 magnis
984 1057 1231 1107 legionibus
1259 1056 1450 1096 hostium

101 1119 400 1164 contendisse;
428 1129 722 1168 cognoveram
748 1118 891 1166 parvis
913 1117 1050 1166 copiis
1072 1116 1187 1156 bella
1207 1120 1331 1166 gesta
1352 1126 1451 1154 cum

102 1179 319 1228 opulentis
359 1178 545 1228 regibus,
586 1177 640 1216 ad
681 1177 764 1216 hoc
800 1187 933 1225 saepe
967 1176 1164 1216 fortunae
1196 1174 1451 1215 violentiam

101 1238 366 1283 toleravisse,
399 1237 602 1276 facundia
629 1235 832 1282 Graecos,
865 1235 1002 1285 gloria
1036 1234 1138 1275 belli
1166 1234 1317 1275 Gallos
1352 1238 1452 1273 ante

48 1304 83 1332 20
102 1296 324 1337 Romanos
350 1297 495 1336 fuisse.
535 1306 586 1335 ac
612 1295 717 1334 mihi
739 1294 874 1334 multa
894 1295 1075 1345 agitanti
1097 1293 1326 1334 constabat
1346 1303 1450 1342 pau·
1478 1295 1500 1327 4

103 1368 249 1396 corum
297 1357 455 1395 civium
501 1356 720 1405 egregiam
766 1355 967 1394 virtutem
1008 1358 1162 1393 cuncta
1201 1353 1453 1403 patravisse,

105 1427 246 1465 eoque
292 1415 469 1460 factum,
515 1415 575 1453 uti
621 1413 793 1453 divitias
840 1417 1084 1463 paupertas,
1129 1411 1452 1452 multitudinem

104 1476 298 1524 paucitas
332 1479 562 1523 superaret.
602 1473 679 1512 sed
714 1477 947 1522 postquam
982 1472 1085 1512 luxu
1119 1476 1251 1522 atque
1283 1470 1453 1511 desidia
1480 1474 1501 1505 5

104 1535 253 1573 civitas
294 1537 494 1582 corrupta
532 1537 613 1579 est,
652 1543 796 1572 rursus
835 1543 901 1572 res
940 1531 1114 1581 publica
1153 1529 1454 1581 magnitudine

52 1601 87 1626 25
107 1604 186 1632 sua
213 1594 521 1642 imperatorum
549 1596 680 1642 atque
707 1592 1035 1641 magistratuum
1057 1591 1162 1630 vitia
1184 1588 1454 1630 sustentabat

106 1663 173 1699 ac,
219 1653 343 1692 sicuti
384 1651 511 1691 effeta
551 1646 894 1700 parentum<ui>,
938 1650 1085 1689 multis
1123 1648 1455 1699 tempestatibus

105 1711 222 1751 haud
256 1722 362 1750 sane
396 1712 628 1760 quisquam
655 1709 820 1750 Romae
851 1710 1008 1749 virtute
1035 1720 1221 1759 magnus
1248 1708 1336 1748 fuit.
1376 1707 1453 1747 sed
1481 1711 1503 1743 6

105 1771 315 1811 memoria
354 1781 453 1809 mea
491 1770 654 1820 ingenti
687 1770 854 1815 virtute,
893 1768 1078 1809 divorsis
1111 1768 1304 1808 moribus
1337 1767 1456 1807 fuere

105 1831 182 1869 viri
215 1830 315 1875 duo,
349 1829 403 1869 M.
426 1829 531 1869 Cato
566 1834 607 1868 et
635 1827 678 1868 C.
700 1827 869 1868 Caesar.
909 1839 1022 1877 quos
1049 1828 1258 1877 quoniam
1285 1838 1353 1866 res
1380 1826 1456 1866 ob-

166 1982 185 2013 7
212 1983 372 2021 itemque
393 2006 401 2014 .
417 2007 424 2014 .
441 2007 448 2013 .
470 1990 552 2020 pars
573 1980 744 2013 *Servent
765 1990 922 2020 fyr-amm.
942 1979 983 2012 Vl
1006 1983 1078 2018 446,
1093 1983 1112 2011 4
1188 1979 1232 2011 10
1251 1979 1370 2011 senati
1391 1979 1455 2010 de-

106 2032 241 2062 cretum
268 2029 308 2060 fit
333 2029 429 2062 Don.
453 2029 530 2061 Ter.
550 2028 636 2060 Hec.
656 2032 720 2060 356
739 2027 850 2060 Char.
871 2036 1027 2067 yramm.
1047 2026 1065 2058 I
1084 2030 1154 2065 143,
1170 2030 1209 2058 13
1259 2026 1378 2058 senati
1400 2050 1408 2058 .
1424 2050 1430 2056 .
1449 2050 1455 2056 .

107 2079 298 2109 censuerat
328 2076 444 2108 Prisc.
463 2085 621 2116 yramm.
641 2075 674 2108 II
692 2079 764 2114 258,
779 2079 800 2107 6
853 2075 971 2107 senati
996 2073 1024 2106 P
1045 2072 1071 2113 (i
1092 2072 1206 2113 eras.)
1227 2069 1340 2105 A¹lm
1359 2072 1456 2106 Don.

109 2123 219 2157 Char.
245 2123 360 2155 Prisc.
387 2126 536 2155 senatus
569 2123 647 2155 rell.
669 2123 775 2155 codd.
875 2122 917 2154 12
951 2121 1062 2153 multa
1083 2145 1091 2153 .
1107 2146 1115 2153 .
1131 2145 1139 2154 .
1160 2118 1238 2161 (23)
1271 2124 1458 2159 superaret

107 2173 205 2203 orat.
225 2171 297 2203 obl.
313 2171 438 2203 reddit
455 2171 547 2210 Any.
561 2172 628 2202 civ.
642 2174 672 2208 5,
690 2174 728 2202 12
778 2170 889 2202 multa
915 2169 984 2201 sibi
1012 2171 1047 2201 et
1072 2169 1210 2208 legenti
1238 2171 1274 2201 et
1294 2166 1459 2200 audienti

107 2218 199 2259 Any.
269 2218 311 2249 16
331 2227 412 2250 cum
435 2242 442 2249 .
458 2242 465 2249 .
481 2242 489 2250 .
509 2217 747 2250 contendisse
767 2217 873 2250 Aras.
891 2225 1048 2256 yramm.
1062 2215 1202 2254 Vll-159,
1218 2219 1239 2247 6
1307 2214 1348 2247 17
1369 2222 1458 2247 con-

107 2265 270 2297 tendisse
282 2264 467 2297 Romanos
481 2265 572 2305 Any.
625 2264 668 2296 18
689 2265 735 2296 ad
753 2264 824 2297 hoc
837 2288 846 2297 .
861 2289 869 2297 .
885 2288 894 2297 .
909 2264 1022 2296 tuisse
1038 2263 1210 2303 om.Au9.
1261 2262 1306 2295 23
1321 2261 1387 2294 sed
1402 2286 1410 2295 .
1425 2286 1434 2294 .
1448 2283 1460 2296 .

109 2313 335 2344 sustentabat
362 2313 453 2352 Any.
474 2313 540 2344 civ.
560 2316 591 2350 5,
608 2316 646 2343 12
720 2311 764 2344 25
791 2312 847 2344 sui
873 2311 965 2351 Any.
1039 2309 1084 2342 26
1111 2311 1199 2342 add.
1220 2309 1364 2342 Ritscm
