1593 2496
95 180 118 214 2

98 1188 120 1222 Q!

81 1423 138 1462 66

98 1838 121 1872 Ν

136 38 232 112 ⁷106
575 67 614 104 C.
636 68 878 105 SALLUSTI
907 68 1063 105 CRISPI

146 190 323 219 causam
352 185 496 220 mente
518 180 695 230 paulum
718 182 939 220 inminuta.
974 182 1079 230 quoi
1099 181 1299 221 Metellus
1320 184 1494 231 petenti,

143 250 263 278 more
284 250 435 289 regum
458 244 503 278 ut
524 239 675 279 sellam
698 241 815 279 iuxta
837 244 1027 289 poneret,
1055 241 1156 280 item
1179 245 1332 290 postea
1354 246 1494 282 custo-

143 297 241 337 diae
263 309 394 338 causa
416 303 599 338 turmam
622 300 815 349 equitum
837 299 1144 346 Romanorum,
1171 303 1401 350 utrumque
1422 312 1495 341 ne-

142 362 336 407 gaverat:
359 358 583 403 honorem,
600 358 718 407 quod
733 369 882 398 eorum
898 358 1031 398 modo
1046 358 1164 405 foret,
1181 370 1291 408 quos
1305 359 1495 409 populus

142 415 364 456 Romanus
403 428 526 465 reges
564 417 890 466 appellavisset;
928 417 1204 466 praesidium,
1241 419 1360 468 quod
1395 430 1495 459 con·
1525 426 1543 455 5

143 475 421 515 tumeliosum
459 477 500 514 in
537 487 612 515 eos
647 476 765 522 ioret,
802 477 837 515 si
871 478 1038 526 equites
1072 476 1255 517 Romani
1289 478 1494 517 satellites

143 533 360 574 Numidae
393 535 669 575 traderentur.
710 536 825 574 hunc
852 535 1011 575 Marius
1045 537 1221 575 anxium
1249 537 1495 586 aggreditur

143 598 274 643 atque
302 593 504 639 hortatur,
535 599 580 633 ut
608 594 968 634 contumeliarum
996 596 1037 634 in
1066 595 1368 644 imperatorem
1397 607 1494 635 cum

144 663 223 692 suo
257 652 417 692 auxilio
447 664 613 702 poenas
642 658 769 703 petat.
809 654 1032 694 hominem
1061 654 1117 694 ob
1144 655 1320 694 morbos
1348 656 1495 695 animo

144 723 295 761 parum
310 712 457 752 valido
481 713 673 752 secunda
696 714 891 752 oratione
914 713 1095 753 extollit:
1118 713 1238 752 illum
1254 725 1414 763 regem,
1434 715 1495 753 in·
1516 721 1550 750 10

144 775 318 820 gentem
333 773 485 817 virum,
502 772 760 811 Masinissae
775 776 981 821 nepotem
999 784 1113 817 esse;
1129 773 1163 811 si
1178 772 1381 822 Iugurtha
1397 784 1496 823 cap-

145 834 212 869 tus
233 834 307 869 aut
328 831 497 870 occisus
519 831 637 876 foret,
663 832 891 880 imperium
912 830 1145 871 Numidiae
1167 833 1260 871 sine
1281 843 1402 872 mora
1422 832 1496 871 ha-

146 889 350 935 biturum;
384 890 426 928 id
454 890 566 930 adeo
596 895 760 930 mature
788 902 920 940 posse
948 892 1132 937 evenire,
1160 892 1194 930 si
1222 892 1315 940 ipse
1344 891 1494 931 consul

144 948 199 987 ad
222 949 265 987 id
287 949 449 988 bellum
471 951 629 988 missus
651 949 769 989 foret.
798 951 944 999 itaque
966 954 1006 989 et
1028 950 1147 989 illum
1170 954 1211 989 et
1232 951 1399 999 equites
1414 949 1496 990 Ro-

144 1019 311 1053 manos,
331 1008 487 1048 milites
505 1013 545 1048 et
560 1010 865 1058 negotiatores,
880 1009 989 1048 alios
1006 1010 1110 1058 ipse,
1127 1009 1359 1059 plerosque
1376 1010 1494 1058 pacis
1517 1019 1550 1046 15

145 1078 245 1116 spes
273 1067 450 1116 inpellit,
478 1069 537 1106 uti
560 1067 742 1107 Romam
771 1068 824 1107 ad
854 1080 957 1107 suos
984 1070 1254 1108 necessarios
1278 1079 1430 1117 aspere
1452 1069 1494 1108 in

144 1125 366 1165 Metellum
394 1127 448 1166 de
476 1127 590 1167 bello
620 1127 816 1173 scribant,
855 1127 1037 1166 Marium
1065 1128 1367 1176 imperatorem
1397 1139 1495 1176 pos-

147 1190 254 1224 cant.
290 1187 351 1224 sic
378 1186 436 1225 illi
457 1197 483 1224 a
504 1186 648 1225 multis
670 1186 923 1226 mortalibus
946 1186 1268 1226 honestissuma
1289 1186 1495 1236 suffraga-

145 1246 263 1284 tione
297 1245 548 1285 consulatus
576 1245 813 1294 petebatur.
852 1245 980 1284 simul
1009 1256 1059 1284 ea
1087 1250 1344 1294 tempestate
1373 1245 1495 1295 plebs

145 1304 370 1344 nobilitate
404 1304 498 1343 fusa
531 1316 606 1353 per
639 1305 781 1354 legem
810 1304 1045 1343 Mamiliam
1080 1316 1220 1344 novos
1250 1305 1494 1346 extollebat.
1514 1313 1550 1341 20

147 1365 203 1402 ita
230 1363 365 1403 Mario
394 1368 547 1402 cuncta
575 1364 820 1413 procedere.

206 1422 375 1462 Interim
397 1423 610 1472 Iugurtha,
639 1428 870 1472 postquam
901 1424 1063 1462 omissa
1091 1423 1312 1462 deditione
1335 1423 1494 1462 bellum

147 1482 305 1531 incipit,
328 1493 425 1520 cum
448 1493 608 1531 magna
630 1493 729 1521 cura
751 1493 900 1531 parare
921 1483 1078 1528 omnia,
1100 1482 1316 1529 festinare:
1340 1493 1496 1531 cogere

148 1542 398 1586 exercitum;
421 1542 614 1587 civitatis,
636 1552 749 1590 quae
769 1541 824 1581 ab
840 1552 887 1580 se
903 1541 1158 1587 defecerant,
1180 1541 1407 1581 formidine
1423 1546 1496 1579 aut

148 1600 408 1640 ostentando
447 1601 638 1649 praemia
672 1600 904 1645 adfectare;
942 1601 1193 1640 conmunire
1226 1611 1329 1640 suos
1363 1600 1549 1646 locos‚25

147 1670 265 1698 arma
292 1659 377 1698 tela
403 1659 587 1709 aliaque,
615 1671 727 1709 quae
749 1671 826 1708 spe
849 1661 967 1709 pacis
988 1660 1199 1705 am1serat,
1226 1659 1400 1698 reficere
1421 1664 1494 1698 aut

149 1719 429 1764 conmercari;
457 1719 630 1758 servitia
657 1718 950 1758 Romanorum
979 1719 1164 1758 adlicere
1193 1722 1233 1757 et
1260 1729 1335 1757 eos
1363 1719 1496 1766 ipsos,

147 1779 220 1826 qui
248 1779 289 1816 in
319 1778 544 1826 praesidiis
572 1783 701 1823 erant,
730 1779 913 1827 pecunia
939 1782 1167 1827 temptare;
1194 1788 1368 1826 prorsus
1390 1776 1495 1815 nihil

148 1837 353 1875 intactum
382 1848 525 1886 neque
546 1838 739 1886 quietum
762 1838 861 1885 pati,
890 1842 1042 1876 cuncta
1062 1838 1234 1886 agitare.
1268 1837 1395 1885 igitur
1413 1835 1496 1874 Va-

148 1907 318 1944 genses,
346 1907 433 1945 quo
456 1896 654 1935 Metellus
683 1898 802 1936 initio
825 1896 1028 1945 Iugurtha
1054 1895 1308 1944 pacificante
1336 1895 1496 1944 praesi-
1514 1903 1550 1931 30

150 1955 268 1993 dium
302 1956 578 2004 imposuerat,
613 1955 775 2005 fatigati
811 1956 922 2004 regis
949 1954 1171 2004 suppliciis
1199 1965 1342 2003 neque
1368 1958 1495 1993 antea

147 2013 372 2053 voluntate
400 2014 585 2059 alienati,
614 2016 828 2063 principes
856 2015 1038 2053 civitatis
1065 2015 1172 2052 inter
1192 2025 1239 2053 se
1260 2014 1496 2053 coniurant.

149 2084 249 2111 nam
264 2073 435 2122 volgus,
450 2075 510 2112 uti
528 2073 783 2122 plerumque
799 2073 910 2112 solet
925 2077 965 2112 et
980 2084 1183 2112 maxume
1198 2072 1496 2117 Numidarum,

149 2132 325 2181 ingenio
348 2132 508 2178 mobili,
536 2132 792 2172 seditiosum
814 2137 944 2181 atque
966 2132 1283 2171 discordiosum
1306 2135 1404 2175 erat,
1426 2142 1495 2170 cu-

210 2224 225 2256 1
256 2225 440 2264 paululum
469 2220 698 2257 A²CBMsn
776 2225 797 2256 4
825 2222 948 2263 modo]
977 2233 1075 2256 more
1101 2224 1146 2255 Pl
1220 2223 1242 2256 8
1267 2224 1305 2255 in
1331 2224 1417 2262 imp.
1437 2223 1495 2254 Ys

112 2306 115 2308 q
148 2272 185 2303 in
212 2281 282 2303 om.
303 2268 491 2304 PAH¹1m
519 2273 726 2311 imperatori
753 2267 908 2304 CBI-F'n
1007 2271 1047 2303 18
1077 2272 1196 2303 multis
1222 2279 1243 2303 a
1267 2270 1295 2302 P
1323 2280 1342 2301 a
1368 2279 1438 2302 om.
1459 2270 1495 2301 M

147 2329 177 2351 s.
197 2329 227 2351 s.
248 2328 280 2350 m
354 2319 399 2350 26
426 2317 584 2359 aliaque]
613 2328 685 2359 que
705 2329 774 2351 om.
796 2319 913 2350 ANM
