1593 2496
79 303 99 333 5

60 593 117 632 85

77 835 97 865 2

80 954 100 985 3

76 1251 95 1280 4

132 75 146 112 1
161 73 212 112 18
555 68 594 105 C.
615 68 859 105 SALLUSTI
886 68 1043 105 CRISPI

128 191 212 229 que
247 180 408 229 praeda
441 181 702 229 locupletem
738 180 838 226 fore,
871 182 1079 220 victorem
1114 181 1294 221 domum
1321 182 1477 222 reditu-

128 250 232 284 rum,
266 239 350 279 alia
382 240 563 279 huiusce
597 239 715 279 modi
749 241 906 279 animis
938 240 1176 286 trahebant,
1210 245 1250 280 et
1283 252 1360 281 eos
1386 253 1475 282 non

128 298 305 347 paulum
333 300 529 338 oratione
556 310 635 338 sua
658 298 818 338 Marius
845 299 1079 339 adrexerat.
1118 311 1219 339 nam
1242 305 1475 349 postquam

128 358 343 403 omnibus,
383 369 497 407 quae
536 357 842 407 postulaverat,
882 358 1064 398 decretis
1104 359 1259 399 milites
1293 359 1478 399 scribere

126 416 227 462 volt,
261 417 460 456 hortandi
495 428 627 456 causa
660 417 787 456 simul
822 422 862 457 et
892 417 1175 463 nobilitatem,
1208 419 1268 457 uti
1295 429 1476 459 consue·
1507 427 1526 455 5

125 481 255 521 verat,
291 476 539 525 exagitandi
573 477 822 516 contionem
851 477 1001 526 populi
1029 477 1272 517 advocavit.
1317 477 1477 518 deinde

127 535 210 574 hoc
236 535 370 575 modo
398 535 615 575 disseruit:

187 590 301 633 ‘Scio
331 605 426 644 ego,
455 593 653 640 Quirites,
681 594 913 644 plerosque
940 606 1027 635 non
1057 595 1195 635 isdem
1219 595 1380 635 artibus
1402 597 1477 635 im-

126 654 291 701 perium
314 664 339 692 a
359 654 486 693 vobis
508 658 655 703 petere
676 659 727 699 et,
755 658 988 703 postquam
1011 654 1158 703 adepti
1180 659 1290 701 sunt,
1311 666 1477 705 gerere:

126 713 264 761 primo
311 713 544 752 industrios
591 712 811 762 supplices
857 713 1055 753 modicos
1101 725 1210 759 esse,
1256 714 1356 754 dein
1403 726 1478 764 per
1499 722 1532 751 10

126 772 345 820 ignaviam
375 777 414 811 et
442 772 689 821 superbiam
715 776 901 811 aetatem
923 783 1063 822 agere,
1104 773 1180 812 sed
1203 773 1306 812 mihi
1330 778 1477 813 contra

126 841 177 869 ea
214 831 400 870 videtur:
445 842 546 870 nam
581 843 669 881 quo
704 831 836 880 pluris
870 837 933 871 est
966 833 1171 871 univorsa
1204 843 1270 872 res
1303 832 1477 881 publiea

125 901 256 938 quam
280 891 531 930 consulatus
553 895 626 930 aut
648 895 857 940 praetura,
885 902 937 930 eo
960 892 1124 931 maiore
1145 902 1245 930 cura
1265 891 1382 931 illam
1403 892 1477 931 ad-

128 950 354 988 ministrari
378 961 509 999 quarn
532 950 640 989 haec
655 951 741 999 peti
758 950 927 990 debere.
961 962 1105 1000 neque
1121 962 1190 990 me
1206 950 1321 997 fallit,
1343 962 1477 1000 quan-

126 1013 216 1046 tum
252 1020 348 1047 cum
385 1020 590 1049 maxumo
624 1014 770 1048 vostro
805 1009 1019 1049 beneficio
1052 1011 1199 1060 negoti
1227 1011 1476 1050 sustineam.
1499 1019 1532 1047 15

127 1067 286 1106 bellum
323 1079 474 1117 parare
501 1068 628 1107 simul
657 1073 697 1108 et
725 1069 888 1108 aerario
917 1079 1102 1117 parcere,
1136 1080 1292 1119 cogere
1318 1070 1372 1108 ad
1400 1070 1478 1108 rni-

126 1127 259 1165 litiam
295 1138 371 1167 eos
407 1139 518 1177 quos
552 1128 664 1167 nolis
699 1127 932 1173 offendere,
965 1128 1084 1167 domi
1112 1128 1302 1178 forisque
1329 1130 1476 1168 omnia

127 1197 272 1225 curare
308 1192 347 1225 et
381 1198 433 1226 ea
466 1198 594 1236 agere
628 1188 734 1226 inter
768 1187 940 1226 invidos
974 1188 1237 1226 occursantis
1270 1187 1475 1227 factiosos

125 1246 345 1294 opinione,
368 1245 567 1291 Quirites,
592 1247 787 1295 asperius
810 1251 883 1285 est.
917 1246 972 1284 ad
989 1246 1082 1292 hoc,
1104 1246 1175 1285 alii
1192 1248 1226 1285 si
1243 1246 1474 1296 deliquere,

122 1309 247 1343 vetus
271 1305 486 1351 nobilitas,
509 1307 721 1345 maiorum
737 1305 860 1344 fortia
875 1305 996 1351 facta,
1025 1310 1308 1356 cognatorum
1325 1311 1364 1345 et
1385 1306 1474 1345 affi—
1494 1313 1530 1341 20

122 1364 241 1402 nium
265 1375 384 1413 opes,
412 1365 574 1404 multae
600 1364 837 1410 clientelae,
865 1366 1012 1404 omnia
1033 1365 1141 1404 haec
1162 1364 1379 1414 praesidio
1401 1365 1474 1404 ad-

122 1428 237 1468 sunt;
263 1423 367 1462 mihi
392 1435 492 1473 spes
515 1435 668 1463 omnes
692 1424 733 1462 in
756 1428 915 1463 memet
937 1425 1054 1469 sitae,
1078 1435 1187 1473 quas
1207 1435 1388 1464 necesse
1410 1430 1474 1464 est

122 1482 276 1521 virtute
311 1487 351 1522 et
384 1483 632 1522 innocentia
665 1484 808 1528 tutari;
841 1493 942 1521 narn
977 1483 1060 1522 alia
1089 1483 1256 1522 infirma
1283 1489 1392 1523 sunt.
1433 1489 1474 1523 et

121 1541 225 1580 illud
244 1541 462 1591 intellego,
479 1540 677 1587 Quirites,
696 1543 891 1581 omnium
908 1553 980 1581 ora
997 1543 1039 1581 in
1055 1553 1125 1582 me
1137 1553 1351 1582 convorsa
1364 1554 1471 1588 esse,

121 1611 287 1649 aequos
321 1601 553 1650 bonosque
580 1601 725 1640 favere
747 1621 800 1626 ——
823 1602 986 1650 quippe
1013 1612 1110 1641 mea
1138 1602 1249 1641 bene
1276 1601 1387 1641 facta
1413 1603 1471 1642 rei
1491 1609 1527 1637 25

121 1659 321 1708 publicae
364 1661 605 1709 procedunt
631 1680 697 1706 -—‚
737 1660 1007 1699 nobilitatem
1049 1661 1192 1700 locum
1231 1661 1471 1700 invadundi

121 1729 339 1767 quaerere.
385 1731 473 1769 quo
508 1719 612 1758 mihi
644 1720 783 1758 acrius
811 1719 1097 1758 adnitundum
1127 1724 1200 1765 est,
1235 1720 1294 1758 uti
1327 1731 1471 1769 neque

120 1789 200 1817 vos
235 1779 467 1827 capiamini
502 1784 541 1818 et
575 1779 634 1817 illi
668 1779 819 1817 frustra
852 1779 946 1818 sint.
986 1779 1043 1818 ita
1075 1779 1129 1817 ad
1158 1779 1241 1818 hoc
1267 1780 1419 1818 aetatis
1446 1790 1470 1818 a

119 1838 301 1885 pueritia
328 1838 399 1884 fui,
427 1839 486 1877 uti
515 1839 656 1877 omnis
685 1838 856 1877 labores
885 1843 924 1877 et
951 1837 1141 1886 pericula
1169 1843 1377 1877 consueta
1398 1838 1471 1877 ha-

120 1896 259 1935 beam.
300 1908 413 1946 quae
438 1902 537 1936 ante
558 1902 704 1936 vostra
725 1897 938 1936 beneficia
959 1898 1141 1946 gratuito
1165 1896 1390 1942 faciebam,
1418 1907 1468 1936 ea
1488 1904 1525 1932 30

180 2037 198 2068 7
234 2037 303 2068 hoc
340 2038 450 2068 modo
484 2037 653 2069 disseruit
680 2038 781 2076 Sery.
802 2047 958 2077 gramm.
979 2037 1026 2069 IV
1041 2041 1170 2076 542,ἓῖ
1269 2037 1311 2068 10
1337 2037 1470 2068 dehinc

117 2084 245 2115 Ylnm
317 2084 357 2115 12
386 2082 473 2123 quo]
503 2088 640 2123 quanto
660 2080 807 2116 VA²T1
879 2085 921 2117 13
943 2085 1002 2115 illa
1022 2083 1071 2116 Vl
1143 2084 1184 2115 15
1207 2087 1325 2116 vestro
1347 2083 1469 2115 benef.

115 2130 287 2162 VCBTs
316 2132 435 2163 benef.
456 2135 576 2163 vestro
599 2133 676 2164 rell.
728 2133 893 2164 sustineo
914 2131 946 2163 V
1010 2130 1052 2162 16
1073 2139 1107 2163 et
1128 2142 1197 2163 om.
1219 2131 1269 2163 vl
1326 2130 1366 2162 21
1392 2139 1468 2162 om-

117 2179 177 2209 nia
192 2201 200 2210 .
216 2201 224 2210 .
239 2201 247 2210 .
263 2178 396 2209 adsunt
416 2178 511 2210 Don.
538 2179 614 2211 Ter.
635 2179 785 2210 Phorm.
808 2182 866 2212 130
916 2179 1008 2210 haec
1029 2179 1153 2210 omnia
1171 2178 1267 2210 Bon,
1335 2178 1379 2210 23
1400 2178 1466 2208 vir-

116 2228 192 2257 tute
223 2225 414 2257 VXKlsn
441 2228 476 2257 et
503 2223 579 2265 (ex)
606 2227 735 2258 virtute
762 2227 839 2257 rell.
914 2226 957 2257 25
995 2226 1176 2258 beneficia
1203 2227 1239 2257 in
1266 2234 1378 2264 remp.
1404 2224 1466 2256 Vn

176 2272 220 2304 29
247 2276 282 2304 et
302 2296 310 2304 .
327 2298 333 2304 .
351 2297 359 2304 .
379 2273 534 2304 habeam
564 2273 669 2305 Aras.
690 2282 848 2312 mamm.
869 2273 926 2304 VII
943 2276 1014 2311 460,
1032 2277 1070 2304 19
1121 2276 1156 2304 et
1182 2282 1252 2305 om.
1274 2270 1467 2311 Y(-T)nm

116 2320 286 2351 haberem
316 2320 422 2352 Aras.
