1593 2496
355 82 559 118 BELLUM
588 80 953 118 luGURTfflNUM
983 84 1121 117 10—13
1357 69 1419 126 61‘

63 195 266 246 Iugurtha
287 195 395 234 inter
415 194 523 233 alias
544 204 610 233 res
629 194 728 233 iacit
743 197 942 242 oportere
957 194 1228 243 quinquenni
1244 193 1414 233 consu!-

63 260 106 294 ta
134 259 175 294 et
202 253 374 294 decreta
401 255 549 293 omnia
573 252 770 299 rescindi,
797 263 898 291 nam
927 263 1002 302 per
1023 263 1076 292 ea
1095 256 1292 302 tempora
1314 264 1415 292 con-

64 314 222 354 fectum
245 314 371 353 annis
387 312 614 362 Micipsam
631 323 781 362 parum
798 313 945 352 animo
960 311 1164 352 valuisse.
1191 315 1281 351 tum
1297 313 1414 352 idem
1441 317 1461 346 6
1520 313 1524 317 ’

64 372 288 422 Hiempsal
304 372 474 422 placere
495 372 576 411 sibi
598 371 833 422 respondit,
854 382 955 410 nam
978 372 1121 421 ipsum
1144 371 1264 411 illum
1279 371 1413 411 tribus

13 444 31 469 ε»
63 433 285 483 proxumis
307 433 431 471 annis
447 432 732 481 adoptatione
747 432 789 470 in
804 441 986 481 regnum
1002 433 1266 480 pervenisse.
1293 431 1413 481 quod
1442 437 1460 467 7

62 492 243 532 verbum
270 492 313 530 in
342 496 492 541 pectus
512 491 743 541 Iugurthae
770 490 909 537 altius,
936 501 1069 540 quam
1096 491 1329 541 quisquam
1351 501 1414 531 ra-

63 555 130 591 tus
164 555 264 597 erat,
298 551 534 591 descendit.
580 552 727 600 itaque
754 561 806 590 ex
835 561 888 590 eo
915 554 1113 600 ternpore
1139 551 1200 589 ira
1227 555 1268 590 et
1294 554 1413 590 metu
1440 555 1461 586 8

63 611 222 650 anxius
239 610 392 661 moliri,
415 621 565 660 parare
585 614 717 660 atque
738 620 790 650 ea
811 609 945 650 modo
962 621 1060 649 curn
1076 610 1224 650 animo
1241 610 1414 657 habere,

62 670 222 720 quibus
243 669 468 719 Hiempsal
490 681 566 719 per
586 669 736 710 dolum
758 673 993 719 caperetur.
1020 680 1134 719 quae
1154 669 1228 708 ubi
1250 669 1413 709 tardius
1441 676 1462 706 9

11 739 44 765 ιο
64 729 304 779 procedunt
336 740 480 778 neque
513 729 669 769 lenitur
700 730 872 768 animus
904 728 1036 776 feroit,
1075 729 1222 768 statuit
1255 731 1413 779 quovis

63 789 197 828 modo
224 790 445 838 inceptum
472 789 689 838 perficere.

122 848 264 888 Primo
292 853 523 894 conventu,
553 860 684 898 quem
712 847 766 887 ab
795 847 953 897 regulis
981 848 1141 888 factum
1169 859 1299 897 supra
1325 851 1478 889 τηε-12

63 908 241 953 moravi,
263 911 436 957 propter
456 907 776 948 dissensionem
799 906 1019 956 placuerat
1033 907 1169 947 dividi
1184 907 1412 948 thesauros

63 966 250 1016 finisque
289 967 440 1016 imperi
480 967 662 1016 singulis
701 967 916 1007 constitui.
964 967 1113 1016 itaque
1147 971 1320 1016 tempus
1357 967 1412 1006 ad
1441 973 1460 1004 2

10 1037 42 1064 15
64 1030 292 1076 utramque
324 1037 412 1065 rem
446 1026 699 1073 decernitur,
738 1026 815 1066 sed
849 1027 1058 1065 maturius
1091 1026 1147 1066 ad
1181 1027 1413 1076 pecuniam

63 1085 418 1126 distribuendam.
451 1085 586 1135 reguli
608 1087 771 1126 interea
792 1087 834 1124 in
856 1085 953 1125 loca
975 1087 1221 1136 propinqua
1241 1085 1413 1126 thesau-
1474 1086 1478 1094 '

62 1145 117 1184 ris
144 1145 255 1184 alius
282 1144 368 1184 alio
397 1156 664 1185 concessere.
697 1145 774 1185 sed
796 1144 1022 1194 Hiempsal
1044 1147 1086 1185 in
1109 1145 1274 1195 oppido
1296 1145 1414 1185 Thir-
1441 1153 1460 1184 3

63 1204 182 1243 mida
205 1204 312 1244 forte
333 1205 426 1244 eius
448 1204 581 1244 domo
610 1205 820 1251 utebatur,
847 1206 920 1254 qui
945 1216 1183 1254 proxumus
1210 1204 1332 1245 lictor
1350 1205 1414 1245 Iu-

63 1264 245 1313 gurthae
272 1275 394 1303 carus
423 1268 716 1314 acceptusque
744 1266 782 1304 ei
810 1275 982 1314 semper
1002 1264 1151 1305 fuerat.
1190 1276 1320 1314 quem
1342 1264 1413 1305 ille
1475 1315 1478 1319 ⁴

9 1332 168 1362 zocasu
200 1323 442 1362 ministrum
476 1323 671 1363 oblatum
706 1325 929 1373 promissis
963 1329 1114 1363 onerat
1146 1323 1413 1374 inpellitque‚

64 1383 124 1421 uti
151 1386 376 1431 tamquam
404 1379 561 1431 sua[m]
589 1384 737 1422 visens
765 1383 945 1423 domum
974 1388 1054 1430 eat,
1087 1388 1305 1432 portarurn
1331 1383 1414 1423 cla-

63 1443 129 1480 vis
145 1441 409 1481 adulterinas
425 1447 718 1491 paret—nam
734 1453 864 1482 verae
879 1442 934 1481 ad
948 1442 1246 1492 Hiempsalem
1262 1443 1414 1483 refere-

64 1500 219 1540 bantur
231 1521 285 1526 —
297 1505 497 1547 ceterum,
512 1501 586 1541 ubi
597 1512 662 1541 res
672 1501 920 1551 postularet,
935 1513 982 1541 se
992 1503 1135 1551 ipsum
1145 1513 1242 1542 cum
1252 1513 1414 1552 magna

65 1571 196 1599 manu
222 1565 465 1600 venturum.
498 1560 688 1600 Numida
709 1561 915 1600 mandata
936 1561 1056 1601 brevi
1077 1561 1249 1602 conficit
1270 1566 1413 1612 atque,
1440 1569 1460 1599 4

9 1629 45 1656 25
64 1620 124 1658 uti
151 1619 306 1659 doctus
334 1624 433 1665 erat,
460 1625 592 1659 noctu
615 1620 845 1670 Iugurthae
872 1620 1029 1660 milites
1057 1621 1299 1662 introducit.
1339 1623 1412 1671 qui
1440 1629 1459 1659 5

64 1683 297 1728 postquam
314 1679 356 1717 in
372 1679 494 1718 aedis
509 1680 719 1729 inrupere,
740 1680 900 1720 divorsi
917 1691 1063 1729 regem
1080 1691 1298 1730 quaerere,
1318 1681 1413 1721 dor·

63 1739 236 1777 mientis
264 1738 373 1778 alios
401 1738 510 1778 alios
538 1740 804 1779 occursantis
832 1739 1081 1786 interficere,
1114 1741 1288 1779 scrutari
1317 1740 1413 1780 loca

63 1797 222 1843 abdita,
250 1797 398 1837 clausa
425 1797 662 1847 effringere,
689 1799 866 1848 strepitu
896 1803 937 1838 et
961 1798 1146 1838 tumultu
1169 1801 1316 1839 omnia
1337 1801 1413 1839 mi-

64 1867 194 1902 scere,
214 1868 349 1906 quom
376 1857 543 1896 interim
566 1857 791 1907 Hiempsal
813 1859 1019 1907 reperitur
1039 1858 1262 1898 occultans
1283 1869 1329 1898 se
1349 1863 1414 1899 tu-

9 1916 187 1965 sogurio
221 1915 411 1955 mulieris
445 1916 640 1962 ancillae,
673 1929 761 1967 quo
795 1918 915 1957 initio
950 1917 1136 1967 pavidus
1170 1922 1211 1957 et
1238 1919 1413 1968 ignarus

64 1974 147 2015 loci
175 1975 430 2025 perfugerat.
468 1975 687 2016 Numidae
708 1981 837 2026 caput
858 1978 962 2022 eius,
990 1978 1049 2016 uti
1071 1978 1175 2016 iussi
1198 1983 1328 2024 erant,
1355 1977 1411 2017 ad
1439 1984 1459 2015 6

62 2033 311 2084 Iugurtham
338 2034 535 2075 referunt.

125 2115 141 2147 1
176 2115 348 2155 Iugurtha
367 2139 376 2148 .
391 2139 399 2148 .
414 2139 423 2148 .
443 2117 528 2148 iacit
558 2116 681 2149 Schol.
701 2116 798 2149 Stat.
822 2116 931 2150 leeb.
953 2123 981 2156 1,
994 2122 1053 2150 411
1135 2120 1220 2151 iacit
1245 2118 1315 2150 XN
1330 2114 1413 2150 ¹lm¹

64 2161 186 2194 Schol.
205 2162 303 2195 Stat.
323 2164 373 2195 ait
398 2158 689 2196 A²C²N²Ysm2
761 2164 803 2196 21
829 2173 924 2197 corr.
944 2165 1118 2198 Schmalz
1143 2167 1181 2198 in
1201 2166 1296 2198 Berl.
1316 2166 1413 2199 ΡΙιίΙ.

69 2209 189 2242 Woch.
211 2214 301 2249 1916,
317 2213 357 2241 63
454 2211 498 2243 24
531 2211 680 2243 conficit
705 2211 830 2243 XHln
858 2213 1016 2244 confecit
1042 2209 1158 2245 NK¹s
1185 2213 1325 2252 perficit
1350 2213 1413 2246 TF

66 2256 216 2295 perfecit
240 2252 417 2289 K²MDm
503 2258 548 2290 29
575 2267 686 2298 quom
708 2282 715 2291 .
730 2282 738 2292 .
755 2282 762 2291 .
784 2260 939 2291 ancillae
964 2260 1061 2292 Don.
1086 2260 1164 2294 Ter.
1182 2261 1331 2293 phorm.
1351 2264 1413 2293 292

125 2304 312 2336 occultans
331 2327 340 2337 .
356 2328 365 2338 .
380 2328 388 2337 .
410 2307 564 2338 ancillae
595 2306 692 2338 Don.
716 2306 793 2338 Ter.
812 2307 927 2339 Andr.
945 2311 1008 2339 828
1056 2309 1200 2348 tugurio
1227 2309 1312 2341 mul.
1331 2317 1412 2341 ane.

64 2350 164 2382 Seru.
184 2351 271 2383 Aen.
286 2356 314 2390 1,
330 2356 400 2384 409.
415 2356 445 2391 8,
454 2357 517 2384 337
565 2354 602 2384 in
616 2358 690 2393 tug.
706 2349 856 2385 A2B²M
870 2354 966 2387 Don.
985 2355 1062 2387 Ter.
1076 2356 1225 2388 Phor-m.
1239 2356 1339 2388 Serv.
1355 2356 1412 2388 bis
