1593 2496
323 34 596 72 CATILINAE
624 33 941 71 CON1URAT10
969 38 1108 70 49—51
1338 41 1390 80 37

102 144 273 188 ‘Omnis
288 147 501 193 homines,
523 151 664 196 patres
679 147 922 196 conscripti,
944 147 1016 196 qui
1034 146 1088 186 de
1104 147 1232 186 rebus
1248 147 1452 187 dubiisffl

40 207 299 253 consultant,
339 206 394 245 ab
434 206 550 252 odio,
589 206 789 252 amicitia,
829 207 888 245 ira
928 211 1058 255 atque
1098 206 1393 246 misericordia

40 277 205 306 vacuos
233 276 331 306 esse
357 265 492 305 decet.
534 265 651 304 haud
673 265 798 304 facile
819 266 990 304 animus
1012 276 1160 304 verum
1184 265 1394 314 providet,
1421 275 1441 305 2

41 326 114 365 ubi
131 325 203 365 illa
219 325 424 370 officiunt,
443 335 587 374 neque
602 325 835 374 quisquam
852 325 1047 364 omnium
1064 324 1246 363 lubidini
1263 324 1391 363 simul

0 393 18 420 5
40 390 80 425 et
101 385 198 424 usui
221 385 371 434 paruit.
411 384 484 423 ubi
507 383 741 423 intenderis
764 384 1000 433 ingenium,
1020 383 1153 429 valet;
1181 385 1216 422 si
1238 383 1389 423 lubido
1418 388 1438 419 3

37 444 244 494 possidet,
266 454 318 483 ea
338 443 598 489 dominatur,
619 443 790 482 animus
812 443 917 482 nihil
938 443 1065 482 valet.
1102 454 1263 492 magna
1284 443 1389 482 mihi
1416 448 1437 478 4

35 504 163 553 copia
177 508 241 543 est
256 502 540 548 memorandi,
562 507 703 551 patres
721 503 963 551 conscripti,
985 513 1100 552 quae
1116 513 1241 551 reges
1259 507 1390 551 atque

36 562 186 612 populi
220 563 280 601 ira
311 566 385 601 aut
418 561 713 601 misericordia
746 561 906 611 inpulsi
941 561 1054 601 male
1082 561 1388 601 consuluerint.

34 621 113 662 sed
140 632 193 661 ea
219 621 335 661 malo
364 621 518 667 dicere,
545 632 659 670 quae
687 621 874 660 maiores
902 622 1036 661 nostri
1065 625 1214 660 contra
1234 621 1389 660 lubidi-

0 689 15 716 ο
34 692 135 721 nem
169 681 301 720 animi
337 681 403 719 sui
435 685 548 720 recte
574 685 706 730 atque
733 679 885 720 ordine
913 680 1064 720 fecere.
1104 680 1220 720 bello
1248 679 1390 720 Mace·
1417 685 1437 716 5

33 740 205 786 donico,
245 739 364 789 quod
405 751 502 779 cum
542 750 643 789 rege
679 739 807 779 Perse
848 740 1078 789 gessimus,
1118 739 1389 779 Rhodiorum

34 800 185 839 civitas
221 810 382 849 magna
418 804 549 848 atque
585 799 830 849 magnifica,
867 810 981 848 quae
1018 799 1170 848 populi
1205 798 1389 838 Romani

33 859 193 908 opibus
220 862 422 903 creverat,
449 858 583 897 infida
611 863 651 898 et
678 858 866 897 advorsa
893 858 1021 898 nobis
1043 858 1131 898 fuit.
1174 858 1252 897 sed
1275 863 1390 907 post-

33 929 166 968 quam
188 917 303 958 bello
325 918 523 957 confecto
546 917 601 957 de
621 917 802 957 Rhodiis
825 917 1073 957 consultum
1095 922 1173 961 est,
1201 918 1390 957 maiores

0 985 14 1012 5
34 977 179 1023 nostri,
211 988 267 1016 ne
299 978 396 1026 quis
430 976 676 1016 divitiarum
710 977 851 1026 magis
885 988 1016 1026 quam
1045 977 1227 1016 iniuriae
1257 988 1390 1016 causa

33 1036 195 1076 bellum
223 1037 442 1085 inceptum
471 1036 642 1082 diceret,
669 1036 892 1085 inpunitos
921 1047 998 1075 eos
1026 1036 1246 1075 dimisere.
1287 1037 1388 1075 item
1416 1040 1437 1070 6

33 1095 159 1135 bellis
180 1095 351 1134 Punicis
379 1095 596 1141 omnibus,
623 1106 757 1145 quom
785 1106 920 1144 saepe
941 1094 1323 1145 Carthaginienses
1346 1101 1386 1134 et

32 1155 76 1194 in
104 1166 211 1204 pace
238 1160 279 1194 et
306 1165 380 1204 per
407 1154 596 1194 indutias
617 1154 752 1194 multa
773 1154 936 1194 nefaria
957 1155 1148 1194 facinora
1169 1155 1388 1199 fecissent,

33 1225 274 1263 numquam
301 1214 384 1263 ipsi
411 1225 485 1263 per
509 1215 786 1254 occasionem
808 1214 911 1253 talia
931 1214 1087 1253 fecere:
1116 1215 1257 1264 magis
1279 1214 1384 1263 quid

0 1280 82 1313 ose
114 1273 295 1323 dignum
328 1272 448 1319 foret,
481 1284 612 1322 quam
646 1273 750 1322 quid
785 1274 827 1312 in
862 1273 959 1312 illos
987 1274 1077 1312 iure
1104 1273 1195 1313 fieri
1223 1278 1386 1322 posset,

33 1333 313 1382 quaerebant.
358 1332 440 1372 hoc
476 1333 578 1372 item
610 1333 738 1372 vobis
773 1332 1093 1381 providendum
1127 1338 1203 1378 est,
1242 1337 1385 1381 patres
1415 1337 1433 1368 7

34 1392 276 1441 conscripti,
309 1403 363 1431 ne
398 1391 494 1440 plus
521 1391 638 1440 apud
666 1403 746 1431 vos
773 1391 917 1431 valeat
943 1392 985 1431 Ρ.
1008 1391 1177 1431 Lentuli
1207 1397 1247 1431 et
1275 1397 1386 1431 cete-

34 1462 176 1491 rorum
217 1450 359 1490 scelus
398 1461 529 1500 quarn
569 1455 715 1490 vostra
753 1451 954 1500 dignitas,
993 1462 1079 1490 neu
1119 1452 1260 1501 inagis
1300 1452 1387 1490 irae

33 1515 207 1550 vostrae
239 1521 370 1559 quam
405 1509 546 1549 famae
579 1509 828 1550 consulatis,
874 1521 975 1549 nam
1009 1511 1044 1549 si
1078 1510 1212 1559 digna
1243 1521 1388 1559 poena
1415 1514 1436 1545 8

0 1577 16 1604 5
34 1580 111 1619 pro
145 1569 266 1608 lactis
293 1580 443 1608 eorum
471 1570 686 1618 reperitur,
719 1580 884 1609 novom
912 1570 1142 1609 consilium
1172 1569 1389 1618 adprobo:

35 1629 101 1668 sin
135 1628 392 1678 magnitudo
426 1628 599 1668 sceleris
633 1629 830 1668 omnium
865 1630 1040 1678 ingenia
1069 1633 1287 1677 exuperat,
1323 1628 1390 1667 his

36 1688 246 1727 utendum
273 1698 446 1733 censeo,
474 1699 586 1737 quae
614 1687 784 1737 legibus
812 1693 1048 1737 conparata
1075 1693 1186 1727 sunt.

96 1746 293 1796 Plerique
314 1758 476 1792 eorum,
498 1747 571 1796 qui
593 1751 693 1786 ante
714 1758 785 1786 me
801 1748 1038 1786 sententias
1055 1747 1265 1792 dixerunt,
1289 1758 1388 1787 con·
1416 1752 1436 1782 9

37 1806 178 1855 posite
199 1811 329 1855 atque
350 1806 582 1855 magnifice
604 1817 753 1845 casum
776 1807 834 1846 rei
857 1806 1057 1855 publicae
1073 1807 1262 1845 miserati
1279 1811 1390 1845 sunt.

99 1910 113 1940 1
143 1911 262 1942 omnis
284 1935 291 1942 .
309 1935 315 1942 .
331 1936 338 1943 .
360 1911 466 1943 decet
499 1911 611 1943 Char.
631 1920 788 1951 yramm.
809 1911 825 1943 Ι
851 1915 920 1948 139,
934 1916 975 1942 22
1001 1912 1121 1943 omnis
1144 1935 1174 1943 ..
1191 1936 1198 1943 .
1221 1911 1391 1943 oliiciunt

34 1956 136 1989 Serv.
150 1966 276 1997 yeory.
290 1962 320 1997 2,
334 1961 396 1990 499
416 1967 545 1990 omnes
567 1957 678 1990 Char.
693 1958 793 1991 Serv.
839 1960 1008 1991 homines
1029 1968 1100 1990 om.
1111 1958 1223 1991 Char.
1264 1959 1326 1998 qui
1344 1983 1388 1990 ...

35 2004 243 2036 consultant
267 2005 374 2037 Aras.
394 2015 550 2045 qramm.
567 2005 625 2037 Vll
647 2009 751 2044 460,3
837 2006 857 2037 2
885 2007 1080 2038 consulant
1104 2006 1212 2038 Aras.
1265 2007 1311 2037 ab
1333 2030 1340 2037 .
1359 2030 1365 2037 .
1383 2030 1389 2036 .

35 2051 143 2084 decet
168 2051 274 2084 Aras.
294 2062 450 2093 yramm.
470 2053 528 2084 Vll
550 2057 623 2092 514,
639 2057 678 2084 12
751 2057 862 2092 atque
888 2063 958 2085 om.
979 2053 1087 2085 Aras.
1186 2053 1206 2085 ³
1234 2062 1389 2084 vacuum

36 2098 141 2131 Aras.
194 2107 278 2131 esse
304 2109 375 2132 om.
397 2099 509 2132 Char.
560 2109 644 2131 nam
671 2101 816 2132 animus
842 2101 942 2132 haud
962 2100 1069 2132 facile
1089 2100 1189 2132 Serv.
1265 2100 1284 2132 7
1312 2109 1389 2139 p.c.

35 2154 67 2178 s.
87 2155 118 2177 s.
138 2145 248 2178 PAN
274 2156 346 2179 om.
366 2147 470 2178 Knm
557 2156 653 2186 quae
675 2172 682 2179 .
700 2173 706 2179 .
724 2173 731 2179 .
758 2148 1008 2179 consuluerint
1033 2148 1139 2180 Aras.
1159 2157 1317 2188 qramm.
1337 2147 1395 2179 VI!

36 2196 111 2232 459,
125 2197 166 2225 29
228 2203 323 2233 quae
348 2189 594 2226 VP²A²Ym¹
620 2196 725 2227 Arus.
753 2196 814 2234 qui
842 2190 1149 2226 ἶῑτὶΚὲΜΤὶειιῐῐιἒ
1211 2194 1232 2226 8
1258 2203 1391 2226 consu-

41 2240 184 2272 luerunt
209 2240 242 2272 V
318 2242 359 2274 13
386 2239 434 2279 et}
462 2244 572 2281 atque
597 2242 644 2274 Pl
721 2242 762 2273 17
790 2245 825 2274 et
852 2242 888 2273 in
915 2239 1020 2281 pace]
1050 2247 1084 2273 et
1110 2251 1180 2274 om.
1202 2241 1392 2274 ACMTm

104 2287 148 2319 23
176 2296 269 2320 neve
296 2283 386 2320 VA²
460 2288 504 2319 28
529 2290 747 2321 sententiam
776 2289 807 2320 V
