1593 2496
468 219 520 271 C.
557 219 882 272 SALLUSTI
922 219 1134 271 CRISPI

253 309 732 372 ORATINOES
778 311 878 371 ET
922 310 1369 373 EPISTULAE

441 404 762 445 EXCERPTAE
789 405 861 444 DE
888 405 1157 445 HISTORIIS

192 494 385 531 ORATIO
415 494 580 530 LEPIDI
605 493 753 531 CONS.
773 495 845 530 AD
874 494 1119 531 POPULUM
1147 495 1410 532 ROMANUM

80 569 95 599 1
187 565 438 605 'Clementia
460 572 500 604 et
523 565 713 613 probitas
734 570 891 611 vostra,
913 565 1112 610 Quirites,
1138 566 1296 614 quibus
1318 578 1392 615 per
1407 579 1472 606 ce-

127 630 238 664 teras
275 625 415 675 gentis
449 625 640 663 maxumi
675 629 715 664 et
748 625 847 663 clari
876 626 990 671 estis,
1029 625 1274 673 plurumum
1308 626 1471 665 timoris
1510 637 1528 662 5

128 684 231 723 mihi
259 684 419 723 faciunt
446 684 680 723 advorsum
708 684 978 734 tyrannidem
1007 684 1049 723 L.
1071 683 1229 730 Sullae,
1262 696 1328 730 ne,
1361 697 1473 734 quae

128 744 207 791 ipsi
243 744 431 783 nefanda
463 744 728 789 aesturnatis,
768 755 819 782 ea
852 754 1002 792 parum
1037 743 1257 783 credundo
1292 744 1346 783 de
1378 744 1473 783 aliis

127 803 524 842 circumveniamini
548 823 601 827 —
625 803 873 851 praesertim
902 814 1035 851 quom
1058 802 1116 841 illi
1139 814 1239 851 spes
1261 805 1403 842 omnis
1431 805 1472 842 in

126 862 288 901 scelere
320 868 451 911 atque
484 861 664 910 perfidia
697 863 750 901 sit
782 873 926 911 neque
959 873 1005 901 se
1032 862 1153 901 aliter
1178 866 1315 900 tutum
1344 867 1473 912 putet,

127 932 256 969 quam
280 923 314 960 si
338 923 458 970 peior
477 927 608 970 atque
629 921 913 961 intestabilior
934 926 1050 960 metu
1065 926 1212 960 vostro
1229 921 1362 967 fuerit,
1384 933 1471 971 quo
1495 931 1527 958 ιο

126 982 262 1030 captis
294 981 498 1020 libertatis
527 992 671 1019 curam
700 982 872 1020 miseria
899 981 1057 1020 eximat
1079 1000 1133 1005 -—
1155 986 1239 1026 aut,
1271 981 1305 1019 si
1333 982 1472 1029 provi-

125 1040 282 1085 deritis,
321 1041 363 1079 in
402 1039 592 1079 tutandis
632 1040 832 1088 periculis
872 1040 1011 1088 magis
1052 1051 1184 1088 quam
1219 1039 1471 1080 ulciscundo

74 1102 95 1132 2
125 1100 371 1139 teneamini.
412 1099 616 1138 satellites
638 1099 815 1148 quidem
838 1099 941 1144 eius,
964 1099 1163 1138 homines
1185 1100 1375 1138 maxumi
1398 1111 1472 1139 no-

127 1159 265 1203 minis,
293 1160 483 1207 optumis
512 1155 723 1197 maioruin
750 1158 1172 1207 exemplis,-neque0
1194 1158 1296 1197 satis
1319 1159 1471 1203 mirari,
1489 1168 1501 1185 ³*

126 1218 198 1265 qui
220 1218 531 1258 dominationis
554 1219 595 1256 in
617 1229 697 1257 vos
719 1218 939 1256 servitium
962 1229 1087 1256 suom
1110 1216 1353 1256 mercedem
1369 1217 1472 1256 dant
1495 1227 1527 1253 15

125 1282 165 1315 et
199 1282 428 1327 utrumque
465 1289 538 1326 per
572 1277 769 1315 iniuriam
804 1276 969 1315 malunt
1003 1288 1133 1326 quam
1168 1281 1348 1325 optumo
1382 1278 1472 1316 iure

74 1341 96 1371 3
126 1336 245 1375 liberi
279 1348 425 1386 agere:
460 1337 677 1385 praeclara
704 1335 930 1375 Brutorum
964 1341 1095 1384 atque
1121 1335 1404 1375 Aemiliorum
1433 1341 1473 1375 et

127 1395 391 1435 Lutatiorum
427 1395 580 1444 proles,
613 1396 746 1445 geniti
781 1395 834 1434 ad
870 1406 932 1440 ea,
966 1406 1079 1444 quae
1106 1395 1292 1434 maiores
1319 1395 1472 1434 virtute

78 1459 99 1490 4
127 1466 345 1504 peperere,
372 1455 681 1495 subvortunda.
720 1466 821 1493 nam
850 1455 954 1503 quid
980 1466 1005 1493 a
1030 1454 1201 1503 Pyrrho,
1229 1453 1472 1493 Hannibale

126 1514 416 1563 Philippoque
450 1520 490 1553 et
516 1514 729 1553 Antiocho
762 1514 989 1553 defensum
1024 1519 1087 1553 est
1119 1512 1234 1551 aliud
1269 1524 1399 1562 quarn
1427 1513 1472 1551 li·
1491 1521 1527 1547 20

126 1573 268 1612 bertas
308 1578 347 1612 et
386 1585 491 1612 suae
528 1574 721 1622 quoique
754 1573 893 1618 sedes,
932 1584 1017 1611 neu
1051 1573 1153 1621 quoi
1187 1573 1268 1611 nisi
1302 1572 1471 1622 legibus

78 1637 99 1668 5
127 1634 405 1681 pareremus?
429 1644 541 1682 quae
563 1637 715 1671 cuncta
737 1643 919 1671 scaevos
941 1632 1020 1670 iste
1041 1631 1250 1670 Romulus
1271 1632 1394 1680 quasi
1416 1633 1470 1671 ab

127 1693 311 1731 externis
346 1697 465 1741 rapta
497 1697 624 1737 tenet,
660 1703 748 1731 non
781 1696 842 1731 tot
877 1692 1138 1730 exercituum
1173 1690 1296 1730 clade
1328 1702 1470 1739 neque

127 1750 354 1790 consulum
383 1755 423 1790 et
443 1751 624 1790 aliorum
649 1751 900 1799 principum,
928 1761 1039 1799 quos
1060 1750 1229 1789 Fortuna
1249 1749 1349 1788 belli
1371 1760 1471 1788 con-

127 1815 381 1858 sumpserat,
409 1811 599 1855 satiatus,
627 1810 703 1849 sed
724 1815 813 1849 tum
837 1809 1058 1854 crudelior,
1086 1820 1216 1858 quom
1240 1808 1470 1858 plerosque
1490 1816 1525 1842 25

76 1873 100 1903 6
127 1869 347 1908 secundae
368 1880 434 1908 res
455 1871 497 1908 in
520 1871 841 1908 miserationem
864 1880 914 1907 ex
937 1869 996 1907 ira
1013 1872 1196 1907 vortunt.
1230 1868 1333 1916 quin
1350 1867 1470 1906 solus

127 1930 322 1967 omnium
352 1934 449 1977 post
474 1930 727 1968 memoriam
749 1928 926 1967 humani
946 1924 1174 1977 (generis)
1195 1926 1407 1975 supplicia
1428 1927 1469 1965 in

128 1993 226 2035 post
266 1988 428 2027 futuros
468 1989 710 2036 conposuit,
751 1988 847 2036 quis
885 1988 1000 2035 prius
1034 1987 1186 2024 iniuria
1220 1997 1350 2034 quam
1384 1986 1470 2024 vita

127 2051 240 2085 certa
281 2051 406 2092 esset,
446 2048 806 2096 pravissumeque
845 2058 918 2095 per
952 2045 1123 2084 sceleris
1158 2045 1468 2084 immanitatem

125 2105 270 2144 adhuc
297 2111 412 2144 tutus
434 2106 520 2151 fuit,
547 2107 650 2144 dum
673 2117 752 2145 vos
774 2111 890 2144 metu
911 2105 1118 2154 gravioris
1140 2105 1283 2143 serviti
1305 2115 1330 2142 a
1351 2115 1468 2152 repe-
1487 2110 1523 2137 30

127 2164 263 2203 tunda
289 2164 483 2204 libertate
509 2166 735 2204 terremini.

190 2246 231 2278 19
258 2255 340 2278 nam
370 2248 457 2285 quid
477 2258 497 2278 a
518 2248 665 2287 Pyrrho,
684 2245 902 2281 Hannibale,
929 2254 1088 2284 aequore
1109 2250 1143 2277 et
1164 2251 1253 2277 terra
1272 2245 1367 2276 Don.
1391 2244 1468 2276 Ter.

125 2294 275 2325 Phorm.
289 2298 350 2325 243
412 2295 455 2326 22
470 2303 624 2327 scaevus
640 2296 707 2327 iste
722 2293 894 2326 Romulus
910 2292 1007 2325 Serv.
1021 2294 1082 2325 ecl.
1096 2297 1125 2330 3,
1144 2297 1181 2324 13
1228 2291 1469 2324 saevusserv.

188 2341 233 2372 27
260 2342 348 2374 acici.
376 2341 493 2374 Orelli
