1593 2496
126 27 208 66 160
549 20 590 57 C.
611 20 854 57 SALLUSTI
881 20 1040 57 CRISPI

120 138 207 173 tem
228 133 489 173 Antiochum
518 134 804 173 concessione
829 132 962 173 Asiae
988 145 1064 183 per
1089 134 1239 174 dolum
1266 141 1473 182 avortere,

120 204 171 232 ac
191 204 293 232 mox
314 193 445 232 fracto
461 192 663 242 Philippo
684 192 922 232 Antiochus
943 193 1061 232 omni
1084 195 1144 232 cis
1159 193 1347 234 Taurum
1367 206 1471 246 agro

71 256 91 285 7
120 257 161 292 et
176 252 328 292 decem
344 252 519 291 milibus
534 252 792 291 talentorum
808 252 1019 301 spoliatus
1035 258 1110 293 est.
1130 253 1288 294 Persen
1302 254 1472 300 deinde,

119 311 306 361 Philippi
335 311 484 357 filium,
512 316 610 360 post
637 311 772 350 multa
799 316 839 350 et
865 312 985 351 varia
1005 313 1239 352 certamina
1259 314 1377 363 apud
1398 314 1473 353 Sa-

119 370 363 410 mothracas
392 371 499 410 deos
527 375 753 419 acceptum
781 371 823 409 in
851 371 983 411 fidem
1004 371 1147 411 callidi
1175 377 1215 411 et
1235 378 1472 422 repertores
1503 381 1522 406 5

118 430 338 479 perfidiae,
360 431 462 479 quia
484 434 610 478 pacto
631 430 764 468 vitam
783 430 1003 477 dederant,
1024 431 1251 470 insomniis
1264 432 1471 472 occidere.

71 493 91 523 8
118 489 371 535 Eumenem,
408 489 566 538 quoius
600 489 834 528 amicitiam
870 490 1060 539 gloriose
1087 495 1315 537 ostentant,
1351 492 1471 531 initio

119 548 348 597 prodidere
371 548 585 588 Antiocho
614 549 733 597 pacis
761 548 1023 595 mercedem;
1045 554 1155 598 post,
1181 550 1375 590 habitum
1403 562 1472 590 cu-

118 608 288 647 stodiae
322 608 412 657 agri
441 608 612 656 captivi,
639 608 883 656 sumptibus
917 613 957 648 et
990 609 1264 649 contumeliis
1293 621 1345 649 ex
1372 621 1472 660 rege

117 668 419 706 miserrumum
453 678 676 706 servorum
717 666 909 713 effecere,
942 668 1234 717 simulatoque
1267 669 1386 718 inpio
1413 675 1527 709 te-10

117 731 332 765 stamento
356 726 492 765 filium
515 727 608 765 eius
629 725 933 772 Aristonicum,
961 728 1063 776 quia
1087 728 1269 779 patrium
1290 739 1470 778 regnum

117 786 338 834 petiverat,
363 785 553 825 hostium
576 796 696 824 more
718 796 793 834 per
806 786 1070 835 triumphum
1092 787 1270 832 duxere;
1291 787 1397 826 Asia
1416 788 1470 827 ab

70 850 90 878 9
118 845 223 893 ipsis
246 845 428 884 obsessa
450 849 525 884 est.
547 849 766 893 postremo
786 844 1031 895 Bithyniam
1046 845 1286 886 Nicomede
1301 852 1470 886 mortuo

117 904 343 952 diripuere,
366 915 500 953 quom
522 904 636 943 filius
652 904 781 953 Nysa,
803 916 934 954 quam
957 906 1149 954 reginam
1165 905 1470 954 appellaverat,

116 964 288 1012 genitus
316 963 433 1002 haud
462 963 594 1002 dubie
622 968 746 1003 esset.
1493 973 1526 999 ¹5

59 1026 101 1056 10
175 1022 285 1061 Nam
315 1022 417 1072 quid
447 1033 530 1071 ego
558 1033 628 1062 me
654 1022 903 1072 appellem?
929 1034 1060 1072 quem
1087 1023 1326 1063 diiunctum
1348 1024 1471 1063 undi-

117 1092 203 1130 que
236 1083 379 1131 regnis
414 1087 454 1121 et
480 1081 711 1121 tetrarchiis
738 1082 793 1121 ab
825 1083 1005 1131 imperio
1033 1093 1195 1129 eorum,
1228 1084 1331 1133 quia
1357 1084 1470 1122 fama

117 1146 204 1180 erat
220 1141 398 1180 divitem
414 1152 559 1190 neque
574 1142 829 1180 serviturum
847 1153 954 1187 esse,
970 1153 1046 1191 per
1060 1141 1344 1182 Nicomedem
1355 1142 1469 1182 bello

115 1200 438 1246 lacessiverunt,
466 1200 639 1240 sceleris
667 1211 816 1240 eorum
845 1200 962 1239 haud
984 1201 1180 1250 ignarum
1203 1206 1243 1241 et
1267 1212 1330 1247 ea,
1357 1212 1470 1251 quae

115 1260 322 1306 accidere,
344 1264 545 1299 testatum
568 1265 696 1299 antea
712 1259 938 1305 Cretensis,
959 1259 1078 1300 solos
1100 1261 1296 1300 omnium
1311 1260 1469 1300 liberos
1489 1267 1526 1294 3>

58 1322 94 1353 11
115 1330 166 1357 ea
193 1324 462 1368 tempestate,
491 1324 532 1358 et
565 1330 710 1368 regem
738 1319 1049 1359 Ptolemaeum.
1087 1324 1218 1368 atque
1245 1331 1328 1369 ego
1356 1319 1469 1359 ultus

115 1378 292 1417 iniurias
313 1378 598 1418 Nicomedem
620 1378 821 1428 Bithynia
842 1378 987 1427 expuli
1007 1378 1259 1428 Asiamque,
1279 1379 1469 1428 spolium

114 1438 227 1486 regis
242 1437 454 1483 Antiochi,
469 1439 611 1487 recepi
628 1442 668 1477 et
684 1437 891 1477 Graeciae
906 1438 1076 1486 dempsi
1091 1448 1223 1488 grave
1237 1439 1468 1478 servitium.

58 1500 97 1531 12
115 1497 285 1545 incepta
306 1508 405 1536 mea
420 1502 665 1546 postremus
687 1508 909 1536 servorum
924 1497 1158 1536 Archelaus
1174 1498 1360 1537 exercitu
1375 1509 1469 1547 pro-

114 1556 203 1595 dito
226 1556 464 1605 impedivit.
492 1556 652 1605 illique,
674 1567 785 1605 quos
807 1557 983 1605 ignavia
1002 1561 1076 1595 aut
1097 1567 1230 1605 prava
1246 1556 1468 1602 calliditas,
1488 1564 1524 1590 25

114 1620 159 1654 ut
179 1616 288 1654 meis
310 1615 531 1655 laboribus
552 1616 629 1654 tuti
652 1620 808 1661 essent,
834 1616 964 1654 armis
986 1616 1202 1662 abstinuit,
1229 1616 1469 1655 acerbissu-

114 1685 207 1713 mas
235 1686 402 1723 poenas
436 1674 622 1721 solvunt,
649 1675 924 1714 Ptolemaeus
951 1676 1087 1723 pretio
1115 1675 1157 1713 in
1186 1675 1278 1714 dies
1305 1674 1466 1714 bellum

114 1733 344 1785 prolatans,
373 1733 600 1773 Cretenses
627 1735 853 1784 inpugnati
887 1734 1021 1773 semel
1052 1735 1138 1773 iam
1166 1745 1309 1783 neque
1335 1733 1466 1773 finem

56 1798 98 1831 13
113 1793 195 1831 nisi
218 1793 386 1832 excidio
409 1790 661 1842 habitur<i>.
689 1793 893 1842 equidem
915 1804 1048 1843 quom
1071 1793 1175 1832 mihi
1196 1793 1252 1832 ob
1274 1794 1467 1842 ipsorum

114 1852 278 1891 interna
311 1852 427 1891 mala
454 1852 586 1891 dilata
613 1852 778 1901 proelia
810 1853 950 1902 magis
980 1863 1111 1902 quam
1140 1863 1292 1901 pacem
1321 1852 1465 1892 datam
1485 1859 1522 1886 3⁰

113 1910 421 1960 intellegerem,
448 1912 667 1951 abnuente
688 1911 885 1961 Tigrane,
907 1912 980 1961 qui
1001 1922 1099 1950 mea
1120 1911 1233 1950 dicta
1253 1922 1349 1951 sero
1371 1922 1466 1960 pro-

112 1969 196 2015 bat,
235 1975 275 2009 te
311 1975 477 2010 remoto
514 1970 676 2020 procul,
708 1971 912 2010 omnibus
945 1970 1040 2009 aliis
1073 1970 1287 2017 obnoxiis,
1322 1981 1466 2009 rursus

112 2034 257 2068 tamen
279 2029 441 2068 bellum
464 2031 601 2079 coepi,
622 2030 904 2079 Marcumque
926 2028 1106 2075 Cottam,
1129 2028 1374 2069 Romanum
1390 2029 1465 2068 du-

113 2099 219 2133 cem,
246 2089 362 2137 apud
391 2087 667 2129 Calchedona
693 2093 801 2128 terra
821 2088 923 2134 fudi,
950 2089 1055 2127 mari
1083 2089 1181 2127 exui
1209 2088 1348 2128 classe
1374 2088 1465 2138 pul-

54 2152 96 2184 14
112 2147 342 2187 cherruma.
364 2148 481 2196 apud
504 2147 707 2198 Cyzicum
728 2158 890 2197 magno
911 2159 1009 2186 cum
1031 2149 1218 2187 exercitu
1233 2148 1275 2186 in
1292 2147 1464 2187 obsidio
1483 2155 1519 2182 35

170 2276 190 2307 7
217 2275 417 2309 Eumenem
445 2276 633 2308 Asnlanus
659 2285 742 2307 eum
769 2284 815 2308 en
841 2276 874 2307 V
947 2275 991 2307 29
1018 2277 1130 2316 υιιὶρο
1156 2277 1244 2308 add.
