1593 2496
132 77 183 115 12
561 71 601 108 C.
623 71 866 109 SALLUSTI
893 71 1051 109 CRISPI

81 187 101 219 2
129 188 346 223 constrata
383 185 510 223 esse?
556 185 714 234 quibus
751 185 855 223 mihi
891 185 1092 225 videntur
1126 186 1311 225 ludibrio
1345 185 1478 225 fuisse

129 242 323 282 divitiae:
352 245 515 293 quippe
542 255 650 293 quas
678 244 861 284 honeste
888 243 1048 284 habere
1069 245 1236 291 licebat,
1264 245 1382 284 abuti
1405 255 1480 293 per

80 307 101 340 3
128 302 438 350 turpitudinem
478 303 778 352 properabant.
831 303 907 342 sed
947 303 1097 343 lubido
1137 305 1270 353 stupri
1309 314 1478 353 ganeae

131 362 349 411 ceterIque
386 361 525 401 cultus
561 373 650 402 non
683 363 823 402 minor
856 363 1106 403 incesserat:
1141 364 1220 402 viri
1253 363 1480 402 muliebria

129 421 229 470 pati,
251 420 452 460 mulieres
476 421 727 470 pudicitiam
749 422 791 460 in
814 422 1042 470 propatulo
1066 422 1242 468 habere;
1268 422 1476 462 vescendi
1515 430 1533 456 5

128 491 261 519 causa
300 485 408 519 terra
445 481 639 530 marique
676 481 824 520 omnia
859 482 1099 530 exquirere;
1139 481 1324 521 dormire
1361 482 1478 530 prius

129 550 261 589 quam
289 540 431 579 somni
456 539 615 588 cupido
638 544 769 585 esset;
796 551 884 579 non
906 540 1065 579 famem
1088 545 1160 579 aut
1182 541 1307 587 sitim,
1334 552 1478 589 neque

130 598 263 648 frigus
291 610 434 648 neque
461 599 762 638 lassitudinem
791 600 989 648 opperiri,
1016 600 1094 638 sed
1122 610 1173 639 ea
1200 600 1348 639 omnia
1374 599 1477 638 luxu

77 663 98 695 4
125 660 395 706 antecapere.
437 658 544 698 haec
572 660 852 703 iuventutem,
880 658 952 697 ubi
981 659 1212 698 familiares
1234 670 1342 708 opes
1363 658 1478 698 defe-

77 723 98 754 5
127 721 283 763 cerant,
311 717 366 756 ad
394 718 585 757 facinora
612 717 919 757 incendebant:
948 719 1119 756 animus
1147 718 1323 757 inbutus
1350 717 1476 756 malis
1496 725 1530 752 10

125 777 288 816 artibus
325 777 442 815 haud
480 777 603 816 facile
640 777 908 816 lubidinibus
947 777 1135 822 carebat;
1172 788 1224 816 eo
1260 777 1477 826 profusius

127 836 332 876 omnibus
368 836 511 876 modis
545 837 745 885 quaestui
779 841 910 885 atque
944 837 1135 885 sumptui
1169 836 1341 875 deditus
1377 841 1477 876 erat.

64 897 116 936 14
185 895 230 934 In
264 900 382 934 tanta
414 900 591 944 tamque
624 901 822 944 corrupta
855 896 1028 935 civitate
1056 894 1249 941 Catilina,
1283 895 1325 934 id
1357 895 1476 944 quod

126 954 241 994 factu
274 954 539 994 facillumum
575 960 674 999 erat,
708 956 902 994 omniurn
931 954 1192 1004 flagitiorum
1221 959 1351 1004 atque
1379 955 1478 993 faci-

127 1025 282 1054 norum
316 1015 473 1053 circum
508 1025 555 1053 se
587 1019 811 1063 tamquam
840 1015 1095 1062 stipatorum
1124 1018 1318 1053 catervas
1346 1014 1478 1053 habe·
1498 1021 1532 1047 15

79 1079 100 1111 2
127 1074 210 1114 bat.
256 1084 357 1112 nam
395 1074 660 1123 quicumque
696 1073 926 1122 inpudicus
963 1073 1129 1112 adulter
1166 1084 1309 1122 ganeo
1343 1084 1477 1111 manu

87 1154 89 1156 ·
126 1138 275 1172 ventre
310 1144 422 1181 pene
455 1133 573 1172 bona
606 1134 741 1182 patria
775 1132 1048 1177 laceraverat,
1089 1133 1252 1181 quique
1286 1132 1476 1171 alienum

126 1203 202 1232 aes
230 1192 394 1242 grande
423 1192 698 1238 conflaverat,
726 1203 813 1241 quo
841 1191 1053 1241 flagitium
1080 1196 1153 1230 aut
1180 1191 1346 1230 facinus
1370 1191 1478 1230 redi-

79 1257 100 1289 3
128 1257 274 1297 meret,
315 1256 536 1300 praeterea
576 1263 728 1291 omnes
768 1251 963 1299 undique
1003 1250 1239 1299 parricidae
1279 1250 1477 1300 sacrilegi

127 1312 314 1351 convicti
350 1311 520 1350 iudiciis
556 1315 630 1350 aut
666 1321 741 1360 pro
775 1310 897 1349 factis
930 1309 1138 1348 iudicium
1171 1310 1384 1355 timentes,
1421 1309 1476 1348 ad
1497 1316 1533 1343 20

129 1370 213 1410 hoc
249 1382 360 1420 quos
397 1381 552 1409 manus
588 1375 720 1419 atque
756 1370 905 1419 lingua
939 1370 1124 1418 periurio
1158 1373 1231 1408 aut
1264 1370 1478 1418 sanguine

128 1430 241 1469 civili
280 1430 434 1475 alebat,
472 1434 691 1479 postremo
726 1440 879 1468 omnes
915 1439 1025 1477 quos
1059 1428 1271 1478 flagitium
1305 1433 1478 1478 egestas

128 1491 329 1529 conscius
357 1490 527 1528 animus
556 1488 814 1538 exagitabat,
843 1489 870 1526 ii
895 1487 1105 1527 Catilinae
1132 1488 1330 1536 proxumi
1358 1487 1479 1526 fami-

79 1554 100 1585 4
128 1548 343 1598 liaresque
372 1553 500 1588 erant.
542 1548 661 1597 quod
689 1549 724 1587 si
752 1548 849 1596 quis
878 1548 1006 1586 etiam
1035 1558 1061 1585 a
1088 1546 1216 1595 culpa
1241 1557 1407 1585 vacuos
1435 1547 1477 1585 in

127 1609 360 1647 amicitiam
389 1609 482 1647 eius
504 1607 722 1653 inciderat,
750 1606 985 1646 cottidiano
1009 1617 1090 1645 usu
1111 1611 1242 1654 atque
1264 1605 1476 1645 illecebris
1495 1612 1533 1639 25

190 1761 204 1792 1
223 1765 405 1792 constrata
433 1759 529 1800 esse]
546 1770 628 1793 esse
643 1770 713 1793 om.
729 1761 863 1792 Aclnot.
878 1770 960 1800 sup.
974 1760 1110 1791 Lucan.
1124 1763 1154 1796 2,
1167 1762 1229 1790 677
1277 1758 1409 1796 quibus
1425 1781 1433 1789 .
1449 1782 1457 1789 .
1469 1781 1477 1789 .

129 1809 374 1847 properabant
398 1809 505 1840 Aras.
526 1818 683 1848 yramm.
699 1807 757 1840 Vll
773 1811 844 1845 451,
859 1811 879 1838 2
953 1807 972 1838 2
1007 1808 1145 1845 quippe
1161 1831 1167 1838 .
1185 1830 1192 1838 .
1209 1830 1216 1837 .
1232 1805 1479 1844 properabant

128 1855 241 1887 Prisc.
262 1865 419 1895 gramm.
440 1856 489 1888 ΙΙΙ
511 1859 583 1894 320,
600 1860 640 1887 16
712 1856 847 1887 habere
874 1856 1029 1886 honeste
1055 1854 1162 1885 Aras.
1242 1852 1263 1883 4
1289 1853 1354 1883 viri
1374 1847 1477 1883 Κ“3ΤΞ

128 1897 179 1933 D²
196 1911 213 1934 s
240 1904 335 1934 viros
356 1905 433 1935 rell.
454 1904 499 1943 cf.
520 1904 630 1935 Firm.
651 1912 720 1935 err.
741 1906 770 1940 4,
785 1906 805 1933 2
825 1904 862 1933 et
887 1903 979 1941 Any.
1000 1903 1066 1933 civ.
1087 1904 1116 1939 6,
1130 1903 1150 1931 8
1170 1901 1266 1931 viros
1288 1899 1479 1931 muliebria

130 1951 204 1989 pati
280 1950 322 1982 13
343 1951 379 1981 in
400 1954 500 1982 tanta
521 1975 527 1982 .
545 1976 551 1982 .
568 1976 575 1983 .
597 1951 741 1982 civitate
763 1950 882 1989 *Αυφ
903 1951 970 1981 eil).
989 1952 1020 1987 3,
1034 1952 1054 1979 2
1130 1948 1172 1979 14
1199 1947 1399 1978 facinorum
1422 1971 1429 1978 .
1446 1971 1453 1978 .
1469 1971 1477 1978 .

129 1998 491 2038 habebatEuyt-aph.
510 1998 587 2030 Ter.
603 1998 783 2029 Eun.1018
833 1994 1047 2033 facinorum]
1061 1996 1108 2026 ad
1123 1996 1193 2026 hoc
1208 1994 1477 2034 fac.Eu9rapl1.

191 2045 233 2076 16
254 2046 475 2084 quicumque
491 2071 497 2077 .
514 2070 520 2077 .
537 2070 545 2077 .
560 2046 780 2077 laceraverat
799 2044 938 2076 Fronto
962 2053 999 2083 p.
1015 2046 1074 2074 153
1087 2042 1130 2074 Ν.
1182 2042 1318 2080 quique
1338 2041 1478 2073 Fronto

129 2093 335 2131 impudicus
362 2093 502 2125 adulter
527 2101 648 2132 ganeo
676 2092 847 2123 Bstm
874 2092 959 2130 imp.
981 2091 1038 2122 ad.
1059 2090 1086 2121 P
1114 2087 1250 2128 (ganeo
1277 2098 1305 2120 s.
1326 2099 1356 2121 s.
1377 2098 1422 2120 m.
1442 2086 1477 2127 2)

129 2140 139 2170 l
161 2141 246 2178 imp.
268 2140 325 2171 ad.
340 2141 421 2172 alea
442 2137 579 2179 (ganeo
593 2138 679 2178 s.s.)
702 2139 734 2170 A
750 2140 835 2177 imp.
851 2139 908 2171 ad.
923 2146 1044 2177 ganeo
1065 2137 1146 2168 alea
1161 2136 1188 2168 C
1208 2137 1294 2174 imp.
1315 2136 1372 2167 ad.
1393 2144 1478 2175 gan.

130 2196 200 2219 om.
221 2187 360 2219 Fronto
459 2196 567 2218 manu
589 2212 596 2219 .
619 2211 625 2218 .
648 2211 655 2218 .
677 2187 897 2218 laceraverat
928 2185 1038 2224 *Αιιφ
1067 2185 1206 2216 dialect
1237 2188 1263 2215 7.
1368 2191 1478 2214 manu

130 2237 254 2266 ventre
269 2233 382 2273 (pene
396 2244 424 2266 s.
439 2244 469 2266 s.
484 2245 530 2266 m.
549 2234 583 2273 2)
605 2234 632 2265 Ρ
654 2243 763 2265 manu
788 2231 943 2272 (lacuna
964 2229 988 2263 4
1009 2230 1097 2270 litt.)
1112 2231 1192 2262 alea
1205 2233 1330 2262 ventre
1342 2229 1478 2268 peneB

134 2299 136 2302 ·
190 2282 231 2313 21
261 2290 355 2320 quos
376 2307 383 2313 .
400 2307 430 2313 ..
452 2282 573 2314 alebat
605 2281 717 2321 *Aua
740 2282 807 2313 civ.
826 2284 888 2319 3,2
978 2279 1022 2312 23
1042 2279 1206 2319 fortasse
1231 2278 1479 2317 exagitabant,

130 2340 163 2362 v.
182 2329 248 2370 Ay.
269 2333 328 2362 168
