1593 2496
393 50 667 87 CATILINAE
695 49 1012 86 CONIURATIO
1041 55 1132 86 2—5
1410 59 1434 96 5

89 175 141 204 ex
186 164 331 203 multis
371 164 553 202 miseriis
592 167 722 212 atque
762 162 961 212 periculis
1001 164 1212 212 requievit
1252 168 1292 203 et
1330 164 1434 202 mihi

90 223 298 272 reliquam
335 227 521 262 aetatem
555 233 581 261 a
613 233 656 261 re
690 222 863 270 publica
897 221 1045 270 procul
1080 222 1329 261 habendam
1364 223 1436 262 de-

88 283 214 327 crevi,
241 293 328 322 non
356 282 433 321 fuit
454 281 683 321 consilium
706 281 906 321 socordia
927 286 1058 330 atque
1079 282 1249 321 desidia
1269 282 1434 321 bonum

89 342 223 382 otium
282 345 514 386 conterere,
570 352 714 390 neque
764 352 867 380 vero
919 352 1069 390 agrurn
1122 341 1312 380 colundo
1364 346 1437 380 aut

33 407 52 434 5
89 400 307 446 venando,
346 400 573 440 servilibus
612 399 778 445 officiis,
816 400 1027 439 intentum
1067 404 1253 439 aetatem
1290 411 1435 450 agere:

89 459 167 499 sed
204 470 229 498 a
265 471 352 509 quo
390 461 563 508 incepto
597 459 832 508 studioque
865 470 935 498 me
969 459 1148 499 ambitio
1184 459 1299 498 mala
1332 460 1437 499 deti-
1463 470 1483 501 2

87 523 249 564 nuerat,
282 519 440 558 eodem
474 530 695 569 regressus
729 519 857 558 statui
891 530 957 558 res
989 523 1136 568 gestas
1171 519 1321 568 populi
1355 518 1436 559 Ro-

87 579 205 617 mani
239 579 429 627 carptim,
462 582 507 617 ut
540 589 742 627 quaeque
769 578 980 617 memoria
1006 578 1140 627 digna
1166 578 1436 623 videbantur,

89 638 363 686 perscribere,
398 648 450 677 eo
485 638 624 687 magis
657 637 777 686 quod
804 637 909 676 mihi
938 648 962 676 a
989 649 1067 686 spe
1096 642 1213 677 metu
1233 638 1435 687 *partibus

34 703 69 730 10
88 697 148 736 rei
176 697 376 746 publicae
403 697 575 735 animus
603 696 708 736 liber
735 701 834 736 erat.
1380 748 1384 752 .

146 755 275 805 Igitur
320 756 375 795 de
416 755 625 796 Catilinae
670 756 971 795 coniuratione
1016 767 1148 805 quam
1194 757 1437 796 verissume
1465 767 1484 798 3

88 820 239 864 potero
268 816 417 864 paucis
445 815 692 860 absolvam;
719 827 820 854 nam
849 815 891 854 id
919 815 1085 854 facinus
1113 816 1155 854 in
1184 816 1331 864 primis
1354 827 1437 865 ego
1465 826 1485 857 4

89 874 371 914 memorabile
405 875 619 914 existumo
654 875 826 914 sceleris
859 879 990 924 atque
1023 875 1200 923 periculi
1233 876 1437 915 novitate.

88 933 144 972 de
180 935 338 982 quoius
375 934 564 973 hominis
600 934 793 973 moribus
830 945 970 983 pauca
1007 935 1124 983 prius
1161 934 1438 983 explananda
1465 945 1485 976 5

36 999 72 1026 15
94 997 205 1038 sunt,
232 1004 363 1042 quam
392 993 560 1032 initium
588 993 788 1032 narrandi
816 993 983 1032 faciam.

146 1051 188 1091 L.
223 1051 416 1099 Catilina,
454 1052 590 1092 nobili
629 1064 788 1102 genere
827 1057 966 1098 natus,
1005 1052 1081 1092 fuit
1116 1064 1276 1103 magna
1312 1054 1354 1092 vi
1392 1058 1433 1093 et
1460 1055 1485 1092 5

85 1112 218 1150 animi
247 1116 288 1151 et
314 1113 506 1161 corporis
533 1112 610 1151 sed
632 1113 809 1162 ingenio
831 1112 947 1151 malo
971 1123 1206 1162 pravoque.
1253 1112 1353 1152 huic
1380 1113 1434 1152 ab
1464 1123 1483 1154 2

86 1170 384 1210 adulescentia
422 1171 536 1210 bella
574 1172 778 1210 intestina
813 1171 971 1211 caedes
1008 1173 1185 1220 rapinae
1221 1172 1439 1212 discordia

87 1229 226 1269 civilis
264 1234 384 1280 grata
425 1231 552 1277 fuere,
589 1231 736 1280 ibique
772 1232 1040 1270 iuventutem
1077 1242 1201 1270 suam
1239 1232 1438 1271 exercuit.

30 1295 246 1338 20corpus
292 1291 460 1338 patiens
505 1290 678 1329 inediae
722 1290 883 1339 algoris
921 1290 1098 1340 vigiliae
1137 1302 1267 1339 supra
1306 1302 1437 1339 quam
1466 1295 1486 1326 3

88 1349 328 1397 quoiquam
357 1348 561 1388 credibile
589 1354 663 1388 est.
690 1350 862 1388 animus
883 1349 1028 1388 audax
1048 1350 1261 1389 subdolus
1281 1352 1438 1395 varius,
1466 1355 1487 1386 4

87 1409 247 1456 quoius
280 1409 339 1447 rei
372 1408 491 1447 lubet
524 1409 747 1448 simulator
781 1420 832 1448 ac
865 1408 1169 1455 dissimulator,
1203 1409 1333 1449 alieni
1366 1409 1439 1448 ad-

89 1471 241 1515 petens
269 1468 335 1506 sui
364 1467 576 1516 profusus,
609 1468 765 1507 ardens
793 1469 835 1506 in
863 1468 1193 1517 cupiditatibus;
1221 1470 1324 1508 satis
1352 1468 1439 1508 elo-

88 1528 305 1574 quentiae,
333 1527 573 1575 sapientiae
601 1538 765 1576 parum.
803 1532 953 1567 vastus
975 1528 1147 1566 animus
1169 1528 1440 1568 inmoderata
1467 1539 1486 1569 5

28 1591 69 1619 -25
85 1584 356 1625 incredibilia
387 1587 515 1625 nimis
543 1586 628 1625 alta
655 1597 827 1635 semper
853 1587 1065 1636 cupiebat.
1104 1587 1219 1626 hunc
1246 1592 1344 1636 post
1365 1587 1440 1627 do-
1466 1598 1488 1628 6

148 1691 168 1722 5
202 1692 377 1722 intentam
414 1687 483 1722 A¹l
594 1691 614 1722 8
642 1692 790 1730 carptim
814 1717 821 1724 .
839 1717 845 1723 .
863 1716 870 1724 .
894 1693 1116 1730 perscribere
1142 1692 1237 1724 Non.
1256 1702 1293 1731 J).
1312 1696 1440 1728 512‚20

149 1736 312 1777 carptim]
352 1739 499 1770 strictim
538 1739 632 1770 Non.
737 1739 758 1770 9
797 1748 817 1770 a
856 1748 923 1778 spe
946 1764 953 1771 .
977 1764 984 1771 .
1004 1764 1011 1771 .
1030 1743 1105 1771 erat
1142 1740 1248 1772 Aras.
1281 1749 1438 1779 qramm.

94 1785 151 1817 Vll
168 1789 239 1824 490,
257 1789 292 1817 11
394 1786 431 1817 11
481 1795 588 1825 quam
614 1810 644 1817 ..
660 1811 667 1818 .
690 1787 878 1818 absolvam
924 1787 1095 1818 Vietorin.
1127 1788 1220 1819 rhet.
1257 1796 1294 1826 ρ.
1318 1790 1439 1826 203,25

150 1832 193 1864 16
213 1833 345 1865 Lucius
361 1849 402 1853 —
416 1842 603 1873 pravoque
616 1835 653 1865 in
668 1843 739 1873 my.
754 1838 783 1865 A
858 1834 990 1866 Lucius
1005 1859 1012 1866 .
1030 1859 1037 1866 .
1053 1860 1060 1866 .
1076 1835 1141 1865 fuit
1154 1834 1249 1866 Non.
1262 1844 1298 1874 p.
1315 1838 1387 1874 351,
1401 1838 1439 1866 18

150 1880 192 1911 17
220 1889 406 1919 pravoque
433 1882 521 1913 add.
535 1877 581 1912 P¹
687 1881 729 1912 19
750 1882 876 1920 ibique
890 1906 898 1913 .
915 1906 922 1912 .
939 1906 946 1913 .
962 1882 1123 1913 exercuit
1141 1881 1236 1914 Non.
1255 1891 1292 1921 p.
1313 1886 1385 1921 433,
1402 1886 1442 1913 17

148 1927 192 1959 20
219 1928 408 1966 patiens..
424 1952 432 1960 .
447 1928 625 1961 credibile
651 1931 706 1961 est
733 1929 852 1968 *Aufr
874 1930 981 1969 epis-l.
1009 1933 1078 1969 167,
1096 1933 1114 1960 7
1204 1929 1244 1961 21
1269 1930 1438 1968 cuiquam

87 1984 182 2007 eras.
214 1975 246 2006 A
277 1984 346 2007 om.
374 1975 403 2007 C
436 1977 568 2015 cuique
603 1976 635 2007 N
744 1976 788 2007 22
822 1977 954 2015 quoius
976 2001 984 2008 .
1006 2001 1014 2008 .
1036 2001 1044 2008 .
1067 1977 1314 2008 dissimulator
1343 1976 1439 2009 Non.

84 2032 123 2062 p.
143 2025 267 2059 439,24
303 2023 348 2062 cf.
369 2023 429 2055 Ps.
449 2023 539 2055 Sall.
565 2032 641 2063 rep.
661 2027 691 2061 2,
708 2027 769 2062 l,4
795 2020 944 2062 (quoius
971 2024 1020 2055 rei
1046 2021 1162 2063 lubet)
1260 2025 1363 2056 cuius
1390 2025 1439 2055 rei

85 2070 187 2101 lubet
212 2069 427 2101 PANTsm
459 2070 554 2103 Non.
586 2071 645 2102 Ps.
679 2070 769 2102 Sall.
796 2071 899 2102 cuius
926 2071 1026 2103 lubet
1052 2072 1101 2103 rei
1123 2071 1260 2103 CBYn
1282 2066 1439 2112 cuiusls'sss

86 2114 191 2154 (libet
217 2118 266 2149 rei
292 2126 322 2149 s.
342 2116 387 2156 s.)
408 2118 419 2148 l
480 2118 668 2149 simulator
687 2127 729 2150 ac
756 2119 842 2150 diss.
863 2118 1002 2150 Fronto
1026 2128 1063 2158 ρ.
1086 2122 1146 2150 108
1165 2119 1208 2150 Ν.
1229 2118 1329 2151 Seri).
1351 2119 1436 2151 Aen.

86 2168 116 2203 1,
129 2168 193 2195 516
270 2165 379 2196 alieni
401 2189 409 2196 .
425 2189 432 2196 .
449 2190 456 2197 .
478 2166 647 2204 profusus
674 2165 812 2197 Fronto
837 2175 874 2205 p.
897 2169 958 2197 107
987 2166 1030 2197 N.
1055 2165 1207 2198 Cledon.
1228 2175 1385 2205 yramm.
1417 2166 1443 2197 V

88 2215 136 2249 72,
153 2214 192 2243 10
218 2211 331 2244 Prisc.
345 2221 501 2252 yramm.
517 2213 567 2244 III
583 2217 655 2251 217,
669 2216 706 2243 14
771 2213 815 2245 23
843 2213 974 2245 ardens
1000 2214 1037 2244 in
1064 2222 1146 2252 cup.
1160 2213 1267 2245 Artes.
1282 2223 1439 2253 yramm.

90 2258 150 2290 VII
166 2262 237 2296 449,
253 2262 292 2290 14
340 2260 429 2291 satis
449 2285 457 2292 .
472 2283 484 2292 >.
500 2284 508 2292 .
531 2269 656 2299 parum
683 2260 823 2292 Fronto
842 2269 879 2299 p.
895 2264 956 2292 107
970 2260 1013 2293 N.
1029 2260 1120 2293 Gell.
1143 2265 1170 2299 l,
1188 2265 1237 2300 15,
1253 2264 1292 2292 18
1311 2261 1439 2293 Sidon.

86 2307 194 2346 epist.
213 2310 243 2344 9,
258 2310 288 2345 9,
302 2310 322 2337 2
348 2307 462 2339 Prisc.
483 2317 640 2347 yramm.
662 2307 711 2338 ΙΙΙ
734 2310 786 2346 85,
802 2311 821 2339 4
