1593 2496
384 59 592 95 BELLUM
621 57 984 95 IUGURTHINUM
1013 62 1151 95 24-27
1387 66 1442 104 75

92 172 361 222 provinciam
383 172 513 211 venit.
542 181 592 210 ac
613 170 784 210 tametsi
806 171 943 209 senati
964 170 1109 211 verbis
1129 182 1284 221 graves
1299 173 1444 213 minae
1461 177 1499 209 11

90 231 411 278 nuntiabantur,
453 230 572 280 quod
612 230 667 269 ab
707 230 1039 279 oppugnatione
1078 241 1166 270 non
1206 230 1444 280 desisteret,

91 290 227 330 multa
247 294 392 330 tamen
411 290 608 329 oratione
623 293 884 338 consumpta
899 289 1029 338 legati
1044 289 1177 329 frusta
1191 289 1443 332 discessere.

152 349 210 389 Ea
238 353 470 399 postquam
499 348 639 389 Cirtae
665 347 813 387 audita
840 353 951 395 sunt,
978 348 1123 396 Italici,
1149 360 1334 399 quorum
1361 349 1507 390 vir-26

46 417 65 444 5
90 412 180 448 tute
203 409 379 449 moenia
400 408 749 454 defensabantur,
770 407 923 447 confisi
945 408 1169 449 deditione
1183 408 1295 448 facta
1316 420 1442 459 prop-

90 472 152 507 ter
183 467 529 518 magnitudinem
564 466 714 522 populi
742 466 925 507 Romani
953 467 1188 508 inviolatos
1215 479 1312 508 sese
1339 468 1441 516 fore,

88 526 326 567 Adherbali
347 527 544 573 suadent,
566 527 626 566 uti
648 537 785 576 seque
806 530 847 566 et
868 527 1081 576 oppidum
1096 527 1346 577 Iurgurthae
1361 532 1441 568 tra-

89 586 175 633 dat,
201 591 367 626 tantum
395 587 449 626 ab
478 597 530 627 eo
557 587 692 626 vitam
720 586 977 635 paciscatur;
1011 587 1066 626 de
1093 588 1244 627 ceteris
1271 588 1440 627 senatui

90 657 218 686 curae
237 645 339 686 fore.
372 650 414 685 at
441 645 523 692 ille,
550 646 721 685 tametsi
743 646 892 685 omnia
913 646 1083 695 potiora
1103 646 1191 686 fide
1210 645 1441 697 Iugurthae
1468 651 1487 682 2

35 713 69 740 10
88 705 270 752 rebatur,
298 709 455 752 tamen,
483 706 585 755 quia
607 716 742 754 penes
764 705 958 751 eosdem,
979 706 1014 745 si
1036 705 1349 753 adversaretur,
1371 718 1441 747 co-

88 764 223 814 gundi
240 768 432 814 potestas
449 769 548 811 erat,
571 765 640 811 ita,
661 765 721 804 uti
737 769 995 804 censuerant
1009 764 1154 813 Italici,
1169 765 1438 806 deditionem

87 823 198 864 facit.
233 823 437 874 Iugurtha
470 825 511 863 in
546 824 693 873 primis
719 823 1013 864 Adherbalem
1048 825 1337 865 excruciatum
1365 837 1438 866 ne-
1466 829 1485 861 3

88 887 166 929 cat,
194 883 353 923 deinde
381 884 524 923 omnis
550 883 736 933 puberes
757 882 970 923 Numidas
991 888 1123 934 atque
1144 886 1439 935 negotiatores

87 943 344 991 promiscue,
370 944 430 982 uti
458 944 645 992 quisque
665 947 855 982 armatus
876 943 1034 983 obvius
1055 943 1203 991 fuerat,
1230 945 1438 985 interficit.

35 1010 68 1036 15
148 999 278 1045 Quod
300 1006 533 1052 postquam
547 1001 712 1042 Romae
733 1002 955 1056 cognitum
984 1006 1049 1042 est
1070 1007 1111 1043 et
1131 1014 1198 1043 res
1218 1004 1261 1042 in
1283 1004 1502 1044 senatu27

87 1061 239 1110 agitari
267 1066 434 1111 coepta,
464 1061 580 1101 idem
609 1061 667 1100 illi
695 1062 875 1101 ministri
902 1062 1015 1112 regis
1043 1062 1359 1112 interpellando
1387 1074 1438 1103 ac

85 1131 219 1169 saepe
245 1121 394 1171 gratia,
426 1121 640 1160 interdum
668 1121 817 1170 iurgiis
843 1121 1059 1162 trahundo
1087 1126 1260 1171 tempus
1287 1124 1437 1163 atroci-

84 1183 216 1219 tatem
249 1179 348 1219 facti
380 1180 612 1220 leniebant.
652 1191 702 1219 ac
728 1181 771 1219 ni
800 1179 843 1220 C.
864 1180 1098 1220 Memmius
1125 1181 1320 1221 tribunus
1347 1182 1436 1232 ple·
1463 1185 1484 1217 2

84 1238 151 1278 bis
178 1239 444 1289 designatus,
469 1240 533 1279 vir
559 1250 657 1279 acer
680 1244 721 1279 et
742 1239 921 1279 infestus
944 1241 1165 1289 potentiae
1186 1237 1435 1288 nobilitatis,

29 1306 64 1332 20
84 1298 297 1347 populum
313 1298 559 1338 Romanum
582 1299 829 1338 edocuisset
849 1299 892 1338 id
914 1300 996 1349 agi,
1019 1303 1064 1339 ut
1082 1311 1157 1349 per
1171 1311 1336 1350 paucos
1351 1301 1435 1341 fac·

83 1357 220 1397 tiosos
234 1356 464 1408 Iugurthae
486 1357 628 1397 scelus
643 1358 972 1405 condonaretur,
994 1359 1187 1408 proiecto
1203 1361 1345 1400 omnis
1373 1361 1434 1400 in-

81 1416 202 1455 vidia
234 1417 500 1466 prolatandis
534 1417 926 1457 consultationibus
959 1418 1130 1467 dilapsa
1157 1419 1280 1459 foret:
1314 1424 1434 1459 tanta

81 1476 148 1515 vis
181 1476 344 1525 gratiae
377 1481 507 1526 atque
540 1477 752 1526 pecuniae
778 1478 890 1527 regis
919 1482 1018 1517 erat.
1046 1478 1123 1518 sed
1151 1478 1224 1518 ubi
1252 1483 1428 1519 senatus
1458 1482 1477 1513 3

83 1534 227 1574 delicti
255 1537 521 1576 conscientia
545 1535 755 1585 populum
777 1537 908 1583 timet,
936 1536 1035 1587 lege
1056 1536 1315 1587 Sempronia
1336 1550 1432 1588 pro-

27 1601 63 1628 ὦ
80 1594 251 1634 vinciae
284 1594 433 1634 futuris
467 1592 719 1635 consulibus
745 1595 951 1635 Numidia
983 1601 1115 1646 atque
1141 1596 1261 1636 Italia
1287 1597 1432 1637 decre-

81 1657 169 1699 tae;
208 1654 411 1694 consules
445 1654 648 1694 declarati
680 1655 723 1695 P.
744 1654 890 1705 Scipio
913 1655 1071 1695 Nasica
1096 1652 1195 1705 (et)
1222 1656 1263 1696 L.
1285 1656 1431 1696 Bestia
1457 1662 1477 1692 4

82 1711 357 1762 Calpurnius;
385 1712 618 1763 Calpurnio
639 1713 855 1761 Numidia,
884 1713 1077 1764 Scipioni
1098 1714 1218 1754 Italia
1239 1716 1430 1757 obvenit.
1457 1720 1476 1750 5

81 1772 241 1812 deinde
262 1774 486 1819 exercitus,
509 1774 581 1823 qui
598 1774 640 1812 in
651 1773 838 1813 Africam
852 1778 1101 1823 portaretur,
1123 1775 1335 1821 scribitur;
1358 1777 1428 1815 sti-

82 1831 289 1880 pendium
315 1832 499 1882 aliaque,
533 1843 646 1882 quae
673 1832 788 1873 bello
816 1834 913 1872 usui
941 1833 1091 1880 forent,
1126 1833 1424 1875 decernuntur.

25 1897 62 1924 30
140 1889 196 1929 At
214 1890 418 1940 Iugurtha
439 1896 587 1932 contra
607 1903 730 1941 spem
752 1894 903 1932 nuntio
926 1896 1119 1942 accepto,
1141 1894 1303 1943 quippe
1325 1893 1496 1944 quoi28

142 2030 157 2062 1
188 2032 305 2063 senati
330 2030 476 2063 PACN
502 2032 645 2064 senatui
672 2032 683 2063 l
708 2035 858 2064 senatus
878 2033 957 2064 rell.
1031 2031 1052 2064 8
1074 2035 1212 2065 tantum
1233 2057 1241 2066 .
1258 2058 1285 2066 ..
1308 2034 1426 2072 pacis·

78 2080 179 2110 catur
202 2077 309 2110 Arus.
328 2087 485 2117 yramm.
505 2079 562 2110 Vll
579 2082 650 2117 498,
664 2083 685 2111 9
783 2080 825 2111 12
853 2079 937 2111 fecit
964 2079 995 2111 Y
1090 2080 1132 2112 14
1159 2084 1315 2112 armatus
1342 2080 1425 2113 Xln

79 2126 224 2157 armatis
249 2120 299 2156 Α1
321 2127 399 2158 rell.
473 2126 642 2158 Interticit
662 2126 770 2158 Xlsn
791 2127 969 2159 interfecit
990 2127 1062 2158 Ym
1130 2127 1177 2160 20
1202 2131 1240 2160 ut
1260 2153 1268 2160 .
1285 2153 1291 2160 .
1307 2152 1315 2160 .
1336 2137 1425 2160 con·

78 2172 274 2205 donaretur
303 2172 409 2205 Aras.
434 2182 592 2213 yramm.
611 2174 669 2206 Vll
694 2177 765 2212 461,
780 2178 800 2205 3
898 2183 961 2213 per
993 2183 1098 2213 pauc.
1123 2174 1205 2207 fact.
1226 2184 1296 2207 om.
1317 2176 1424 2209 Aras.

134 2219 179 2251 26
199 2221 343 2256 addidi,
375 2230 406 2252 υ.
427 2221 492 2260 Ay.
506 2224 547 2252 20
558 2223 594 2253 et
608 2225 668 2253 179
721 2221 765 2253 27
787 2221 1003 2260 Calpurnius
1017 2231 1089 2254 om.
1103 2221 1150 2254 Pl
1165 2232 1194 2255 s.
1209 2231 1238 2255 s.
1253 2222 1329 2254 MD
1345 2222 1423 2255 Cal-

79 2267 228 2305 purnius
248 2267 285 2299 L.
307 2268 470 2300 baestiae
489 2268 515 2299 A
533 2267 748 2308 Calpurnius
768 2268 806 2301 L.
827 2269 944 2300 bestia
964 2278 994 2301 e.
1010 2266 1064 2307 (L.
1086 2270 1203 2302 bestia
1222 2278 1253 2302 c.
1269 2268 1380 2309 eras.)
1396 2270 1424 2302 C

78 2314 196 2346 bestia
221 2323 255 2351 c:
283 2315 490 2353 calpurnius
516 2315 545 2346 B
579 2316 615 2348 L.
637 2316 845 2355 calpurnius
872 2317 990 2348 bestia
1015 2317 1073 2348 Ns

1163 2372 1211 2408 68
