1593 2496
382 42 587 78 BELLUM
615 41 983 78 luouRTfflNuM
1011 45 1147 78 :zo-31
1382 48 1437 87 79

88 156 190 195 vina
209 159 252 195 et
273 155 464 194 humana
485 154 634 194 omnia
654 154 853 194 hostibus
873 153 1027 193 tradita
1048 158 1158 194 sunt.
1195 165 1338 203 neque
1361 165 1437 194 eos
1455 158 1501 191 10

87 216 162 265 qui
190 225 243 254 ea
268 213 410 254 fecere
438 213 571 262 pudet
598 218 671 253 aut
699 214 902 263 paenitet,
929 213 1007 252 sed
1035 213 1240 253 incedunt
1267 224 1342 262 per
1363 225 1438 254 ora

87 278 234 314 vostra
265 272 496 323 magnifici,
529 272 771 313 sacerdotia
804 277 845 312 et
872 271 1136 318 consulatus,
1170 283 1268 321 pars
1294 273 1439 311 trium-

90 334 200 383 phos
233 344 337 373 suos
370 336 656 377 ostentantes;
690 332 873 381 proinde
905 333 1030 381 quasi
1063 343 1116 372 ea
1149 332 1316 378 honori,
1349 343 1438 372 non

46 399 64 427 5
91 392 278 443 praedae
311 391 512 431 habeant.
549 392 660 431 servi
687 403 786 431 aere
814 393 949 441 parati
971 392 1129 431 iniusta
1155 392 1337 440 imperia
1364 391 1495 431 do-ll

89 453 305 492 minorum
332 462 420 491 non
449 448 680 500 perferunt:
712 462 805 497 vos,
839 449 1039 498 Quirites,
1071 451 1114 490 in
1141 451 1323 500 imperio
1350 451 1439 490 nati

88 522 230 561 aequo
264 511 411 551 animo
445 512 693 551 servitutem
726 510 946 550 toleratis?
984 515 1026 550 at
1059 510 1133 560 qui
1166 515 1266 550 sunt
1292 510 1332 555 ii,
1365 511 1439 560 qui
1457 512 1499 544 12

91 582 176 610 rem
197 569 416 620 publicam
433 571 733 620 occupavere?
766 570 967 610 homines
982 569 1329 615 sceleratissumi,
1351 580 1441 609 cru-

89 630 198 670 entis
231 630 445 676 manibus,
477 630 655 669 immani
683 630 874 675 avaritia,
912 629 1226 669 nocentissumi
1255 633 1296 668 et
1323 629 1439 668 idem

35 694 70 722 ¹0
89 689 414 738 superbissumi,
447 690 606 739 quibus
633 689 743 729 fides
770 688 904 729 decus
932 690 1083 739 pietas,
1115 693 1336 738 postremo
1365 688 1442 729 ho-

87 753 212 788 nesta
231 752 363 797 atque
384 749 617 788 inhonesta
637 749 785 788 omnia
806 749 1005 798 quaestui
1027 752 1138 788 sunt.
1172 759 1270 798 pars
1289 758 1440 787 eorum
1456 750 1500 782 13

88 807 301 848 occidisse
322 808 517 848 tribunos
540 808 691 858 plebis,
712 808 784 847 alii
805 809 1087 857 quaestiones
1102 808 1296 853 iniustas,
1318 807 1441 856 pleri-

88 879 173 917 que
201 867 382 907 caedem
409 868 452 906 in
478 879 558 908 vos
587 868 740 907 iecisse
768 879 844 917 pro
872 869 1144 907 munimento
1172 866 1348 907 habent.
1381 868 1440 906 ita
1456 870 1499 901 14

89 938 221 976 quam
244 927 430 976 quisque
445 938 650 976 pessume
665 926 775 972 fecit,
797 931 884 966 tarn
901 938 1105 966 maxume
1119 930 1236 966 tutus
1251 930 1327 966 est.
1354 937 1443 966 me-

38 990 180 1026 15tum
213 986 269 1026 ab
301 985 462 1026 scelere
496 998 576 1027 suo
611 986 666 1025 ad
700 987 922 1036 ignaviam
958 991 1150 1026 vostram
1177 985 1443 1031 transtulere,

90 1056 201 1095 quos
226 1047 368 1085 omnis
390 1045 544 1085 eadem
567 1057 736 1095 cupere,
764 1045 919 1085 eadem
943 1045 1101 1092 odisse,
1129 1045 1284 1085 eadem
1307 1050 1444 1085 metu-

88 1116 161 1144 ere
182 1106 224 1143 in
246 1116 382 1144 unum
404 1106 558 1155 coegit.
591 1105 668 1145 sed
690 1105 799 1145 haec
820 1106 928 1144 inter
948 1105 1090 1145 bonos
1113 1106 1314 1151 amicitia,
1335 1106 1443 1144 inter
1458 1107 1501 1139 15

90 1164 231 1204 malos
258 1164 385 1204 factio
413 1170 489 1204 est.
529 1165 648 1214 quod
675 1165 710 1204 si
738 1168 826 1204 tam
852 1175 934 1204 vos
968 1164 1174 1204 libertatis
1201 1175 1347 1204 curam
1368 1163 1443 1203 ha·
1459 1166 1503 1199 16

90 1223 259 1269 beretiS,
293 1235 425 1273 quarn
459 1223 518 1264 illi
545 1224 600 1263 ad
628 1223 975 1264 dominationem
1003 1225 1174 1264 accensi
1202 1228 1313 1270 sunt,
1347 1234 1443 1273 pro‘

36 1286 72 1313 20
92 1282 202 1323 fecto
231 1294 374 1332 neque
402 1295 468 1323 res
496 1283 671 1332 publica
697 1284 820 1322 sicuti
848 1294 964 1322 nunc
990 1288 1229 1323 vastaretur
1250 1288 1291 1323 et
1311 1283 1443 1323 bene-

91 1342 190 1381 ficia
221 1347 368 1382 vostra
402 1354 537 1392 penes
570 1348 788 1392 optumos,
815 1354 904 1383 non
931 1342 1265 1382 audacissumos
1292 1342 1442 1382 forent.

92 1402 278 1441 maiores
303 1403 437 1442 vostri
465 1402 644 1451 parandi
666 1403 767 1441 iuris
790 1407 831 1441 et
851 1402 1089 1442 maiestatis
1111 1401 1443 1442 constituendae
1459 1403 1502 1436 17

91 1461 227 1509 gratia
260 1461 326 1500 bis
360 1473 435 1510 per
461 1462 758 1501 secessionem
785 1462 936 1500 armati
963 1460 1230 1501 Aventinum
1258 1472 1444 1510 occupa-

92 1531 210 1565 vere;
237 1531 318 1560 vos
346 1532 422 1570 pro
449 1520 656 1567 libertate,
683 1532 816 1570 quam
843 1521 899 1560 ab
920 1520 1004 1560 illis
1025 1522 1266 1570 accepistis,
1293 1530 1445 1560 nonne

38 1582 74 1609 ³5
92 1590 264 1618 summa
286 1590 371 1628 ope
391 1581 616 1620 nitemini?
646 1584 777 1630 atque
793 1591 846 1620 eo
861 1580 1178 1627 vehementius,
1199 1591 1287 1630 quo
1302 1580 1444 1619 maius

92 1638 284 1678 dedecus
305 1643 371 1679 est
392 1644 512 1688 parta
533 1641 727 1679 amittere
749 1651 881 1689 quarn
904 1641 1083 1679 omnino
1104 1651 1192 1679 non
1209 1640 1443 1689 paravisse.

153 1697 276 1737 Dicet
289 1698 447 1748 aliquis
469 1695 589 1748 ‘quid
605 1700 731 1748 igitur
746 1694 945 1738 censes?
965 1699 1277 1738 vindicandum
1294 1699 1336 1737 in
1352 1710 1443 1745 eos,
1460 1701 1504 1732 18

92 1758 166 1807 qui
194 1756 308 1797 hosti
336 1758 564 1807 prodidere
592 1769 679 1797 rem
702 1758 933 1807 publicam,
959 1769 1048 1798 non
1070 1769 1202 1797 manu
1223 1769 1368 1807 neque
1388 1758 1443 1804 vi,

93 1816 213 1866 quod
247 1818 387 1867 magis
418 1829 500 1857 vos
527 1817 680 1857 iecisse
707 1829 839 1867 quam
867 1817 950 1857 illis
976 1817 1188 1866 accidis-se
1214 1817 1443 1867 indignum

39 1877 76 1905 ³⁰
96 1882 171 1921 est,
210 1887 359 1916 verum
399 1877 731 1926 quaestionibus
762 1882 805 1917 et
836 1877 998 1917 indicio
1031 1877 1168 1926 ipsius
1200 1876 1443 1927 Iugurthae.

155 2016 175 2048 2
202 2017 269 2049 sed
289 2042 297 2048 .
313 2042 320 2049 .
336 2040 344 2049 .
366 2017 552 2057 magnifici
578 2017 678 2049 Sero.
699 2018 786 2050 Aen.
808 2022 836 2057 1,
851 2022 892 2049 46
973 2018 994 2049 4
1021 2018 1174 2056 proinde
1201 2012 1444 2050 VP¹A¹N¹m

97 2065 248 2103 perinde
279 2065 357 2096 rell.
454 2065 614 2097 honores
646 2074 721 2097 non
757 2066 912 2104 praedas
945 2065 976 2096 V
1074 2064 1095 2096 6
1128 2064 1287 2101 Quirites
1319 2074 1390 2097 om.
1411 2064 1443 2096 V

154 2110 176 2143 9
202 2114 238 2144 et
270 2111 365 2143 idern
397 2111 618 2144 VPCBlsn
650 2112 823 2152 idemque
858 2113 936 2145 rell.
1037 2112 1079 2144 13
1112 2112 1162 2144 ita
1259 2115 1356 2144 tutus
1389 2115 1445 2144 est

95 2157 196 2191 Serv.
215 2159 303 2191 Aen.
326 2163 353 2195 7,
370 2162 429 2191 787
477 2157 538 2198 ita]
561 2161 685 2199 itaque
704 2159 737 2192 V
807 2159 849 2191 15
871 2161 917 2191 ab
936 2159 1004 2191 VP
1024 2168 1046 2191 a
1066 2160 1144 2192 rell.
1215 2159 1257 2191 16
1278 2168 1372 2199 quos
1386 2183 1394 2191 .
1411 2185 1418 2191 .
1435 2183 1444 2192 .

95 2207 219 2246 coegit
237 2205 333 2238 Don.
358 2206 435 2239 Ter.
454 2207 539 2240 Hec.
555 2210 615 2239 170
664 2208 784 2239 omnis
810 2207 939 2239 eadem
961 2215 1095 2245 cupere
1115 2216 1186 2239 om.
1200 2207 1295 2239 Don.
1346 2207 1443 2239 idem

96 2261 230 2292 cupere
255 2247 361 2286 VP²1
411 2254 535 2287 odisse
561 2257 597 2287 et
621 2254 654 2287 V
756 2254 796 2286 17
824 2255 917 2286 inter
942 2255 1062 2286 bonos
1082 2278 1091 2287 .
1106 2277 1135 2286 ..
1156 2254 1265 2287 factio
1292 2254 1387 2287 Non.
1405 2264 1446 2294 p.

96 2303 219 2340 304,23
294 2300 337 2333 18
358 2309 477 2333 curam
504 2302 679 2334 libertatis
702 2301 768 2334 Vn
829 2301 875 2334 29
899 2299 981 2340 vos]
1007 2302 1115 2333 vobis
1140 2297 1232 2334 VA²
