<?xml version="1.0" encoding="UTF-8"?>
<!DOCTYPE html PUBLIC "-//W3C//DTD XHTML 1.0 Transitional//EN"
    "http://www.w3.org/TR/xhtml1/DTD/xhtml1-transitional.dtd">
<html xmlns="http://www.w3.org/1999/xhtml" xml:lang="en" lang="en">
 <head>
  <title>
</title>
<meta http-equiv="Content-Type" content="text/html;charset=utf-8" />
  <meta name='ocr-system' content='tesseract 3.04.00' />
  <meta name='ocr-capabilities' content='ocr_page ocr_carea ocr_par ocr_line ocrx_word'/>
</head>
<body>
  <div class='ocr_page' id='page_1' title='image "./catilinaiugurtha00salluoft_0098.png"; bbox 0 0 1593 2496; ppageno 0'>
   <div class='ocr_carea' id='block_1_1' title="bbox 149 76 1061 123">
    <p class='ocr_par' dir='ltr' id='par_1_1' title="bbox 149 76 1061 123">
     <span class='ocr_line' id='line_1_1' title="bbox 149 76 1061 123; baseline 0 -9"><span class='ocrx_word' id='word_1_1' title='bbox 149 83 206 123; x_wconf 84' lang='grc'>86</span> <span class='ocrx_word' id='word_1_2' title='bbox 572 76 610 114; x_wconf 93' lang='lat' dir='ltr'>C.</span> <span class='ocrx_word' id='word_1_3' title='bbox 633 77 876 114; x_wconf 85' lang='lat' dir='ltr'>SALLUSTI</span> <span class='ocrx_word' id='word_1_4' title='bbox 903 77 1061 114; x_wconf 85' lang='lat' dir='ltr'>CRISPl</span> 
     </span>
    </p>
   </div>
   <div class='ocr_carea' id='block_1_2' title="bbox 86 189 1556 2074">
    <p class='ocr_par' dir='ltr' id='par_1_2' title="bbox 150 189 1500 298">
     <span class='ocr_line' id='line_1_2' title="bbox 150 189 1500 240; baseline 0.001 -12"><span class='ocrx_word' id='word_1_5' title='bbox 150 193 308 236; x_wconf 86' lang='lat' dir='ltr'>tamen,</span> <span class='ocrx_word' id='word_1_6' title='bbox 326 191 428 240; x_wconf 88' lang='lat' dir='ltr'>quia</span> <span class='ocrx_word' id='word_1_7' title='bbox 443 190 592 230; x_wconf 87' lang='lat' dir='ltr'>mortis</span> <span class='ocrx_word' id='word_1_8' title='bbox 607 194 723 229; x_wconf 89' lang='lat' dir='ltr'>metu</span> <span class='ocrx_word' id='word_1_9' title='bbox 740 189 1028 236; x_wconf 79' lang='lat' dir='ltr'><strong>mutabantur,</strong></span> <span class='ocrx_word' id='word_1_10' title='bbox 1047 191 1170 230; x_wconf 85' lang='lat' dir='ltr'>sicuti</span> <span class='ocrx_word' id='word_1_11' title='bbox 1185 191 1274 240; x_wconf 89' lang='lat' dir='ltr'>regi</span> <span class='ocrx_word' id='word_1_12' title='bbox 1290 190 1500 237; x_wconf 74' lang='lat' dir='ltr'>lubuerat&#39;,</span> 
     </span>
     <span class='ocr_line' id='line_1_3' title="bbox 150 249 476 298; baseline 0.003 -11"><span class='ocrx_word' id='word_1_13' title='bbox 150 259 233 298; x_wconf 90' lang='lat' dir='ltr'>pax</span> <span class='ocrx_word' id='word_1_14' title='bbox 260 249 476 289; x_wconf 90' lang='lat' dir='ltr'>convenit.</span> 
     </span>
    </p>

    <p class='ocr_par' dir='ltr' id='par_1_3' title="bbox 86 306 1551 594">
     <span class='ocr_line' id='line_1_4' title="bbox 86 306 1500 358; baseline 0.001 -11"><span class='ocrx_word' id='word_1_15' title='bbox 86 313 142 353; x_wconf 88' lang='grc'>39</span> <span class='ocrx_word' id='word_1_16' title='bbox 211 306 297 348; x_wconf 86' lang='lat' dir='ltr'>Sed</span> <span class='ocrx_word' id='word_1_17' title='bbox 319 308 393 348; x_wconf 94' lang='lat' dir='ltr'>ubi</span> <span class='ocrx_word' id='word_1_18' title='bbox 416 319 468 348; x_wconf 88' lang='lat' dir='ltr'>ea</span> <span class='ocrx_word' id='word_1_19' title='bbox 483 307 647 348; x_wconf 87' lang='lat' dir='ltr'>Romae</span> <span class='ocrx_word' id='word_1_20' title='bbox 662 312 884 357; x_wconf 89' lang='lat' dir='ltr'>comperta</span> <span class='ocrx_word' id='word_1_21' title='bbox 897 312 1008 355; x_wconf 89' lang='lat' dir='ltr'>sunt,</span> <span class='ocrx_word' id='word_1_22' title='bbox 1029 312 1170 348; x_wconf 89' lang='lat' dir='ltr'>metus</span> <span class='ocrx_word' id='word_1_23' title='bbox 1185 313 1316 358; x_wconf 89' lang='lat' dir='ltr'>atque</span> <span class='ocrx_word' id='word_1_24' title='bbox 1330 319 1500 349; x_wconf 89' lang='lat' dir='ltr'>maeror</span> 
     </span>
     <span class='ocr_line' id='line_1_5' title="bbox 152 367 1499 418; baseline 0.001 -12"><span class='ocrx_word' id='word_1_25' title='bbox 152 368 370 407; x_wconf 90' lang='lat' dir='ltr'>civitatem</span> <span class='ocrx_word' id='word_1_26' title='bbox 399 368 615 407; x_wconf 89' lang='lat' dir='ltr'>invasere:</span> <span class='ocrx_word' id='word_1_27' title='bbox 643 378 741 416; x_wconf 90' lang='lat' dir='ltr'>pars</span> <span class='ocrx_word' id='word_1_28' title='bbox 768 367 916 407; x_wconf 92' lang='lat' dir='ltr'>dolere</span> <span class='ocrx_word' id='word_1_29' title='bbox 943 378 1019 416; x_wconf 92' lang='lat' dir='ltr'>pro</span> <span class='ocrx_word' id='word_1_30' title='bbox 1047 367 1184 418; x_wconf 85' lang='lat' dir='ltr'>gloria</span> <span class='ocrx_word' id='word_1_31' title='bbox 1210 368 1374 417; x_wconf 89' lang='lat' dir='ltr'>imperi,</span> <span class='ocrx_word' id='word_1_32' title='bbox 1401 378 1499 417; x_wconf 89' lang='lat' dir='ltr'>pars</span> 
     </span>
     <span class='ocr_line' id='line_1_6' title="bbox 152 426 1551 472; baseline -0.001 -7"><span class='ocrx_word' id='word_1_33' title='bbox 152 426 326 466; x_wconf 91' lang='lat' dir='ltr'>insolita</span> <span class='ocrx_word' id='word_1_34' title='bbox 352 438 493 466; x_wconf 90' lang='lat' dir='ltr'>rerum</span> <span class='ocrx_word' id='word_1_35' title='bbox 521 426 772 466; x_wconf 86' lang='lat' dir='ltr'>bellicarum</span> <span class='ocrx_word' id='word_1_36' title='bbox 800 427 949 466; x_wconf 89' lang='lat' dir='ltr'>timere</span> <span class='ocrx_word' id='word_1_37' title='bbox 976 426 1178 472; x_wconf 61' lang='lat' dir='ltr'>libertam</span> <span class='ocrx_word' id='word_1_38' title='bbox 1203 426 1317 467; x_wconf 88' lang='lat' dir='ltr'>Aulo</span> <span class='ocrx_word' id='word_1_39' title='bbox 1345 437 1500 467; x_wconf 86' lang='lat' dir='ltr'>omnes</span> <span class='ocrx_word' id='word_1_40' title='bbox 1529 435 1551 463; x_wconf 80' lang='lat'><strong>5</strong></span> 
     </span>
     <span class='ocr_line' id='line_1_7' title="bbox 152 485 1500 535; baseline 0 -11"><span class='ocrx_word' id='word_1_41' title='bbox 152 485 305 531; x_wconf 80' lang='lat' dir='ltr'>infesti,</span> <span class='ocrx_word' id='word_1_42' title='bbox 339 497 389 525; x_wconf 87' lang='lat' dir='ltr'>ac</span> <span class='ocrx_word' id='word_1_43' title='bbox 421 496 625 525; x_wconf 85' lang='lat' dir='ltr'>maxume</span> <span class='ocrx_word' id='word_1_44' title='bbox 659 486 733 535; x_wconf 92' lang='lat' dir='ltr'>qui</span> <span class='ocrx_word' id='word_1_45' title='bbox 766 485 881 525; x_wconf 92' lang='lat' dir='ltr'>bello</span> <span class='ocrx_word' id='word_1_46' title='bbox 917 497 1050 535; x_wconf 88' lang='lat' dir='ltr'>saepe</span> <span class='ocrx_word' id='word_1_47' title='bbox 1083 486 1287 535; x_wconf 88' lang='lat' dir='ltr'>praeclari</span> <span class='ocrx_word' id='word_1_48' title='bbox 1321 485 1500 533; x_wconf 82' lang='lat' dir='ltr'>fuerant,</span> 
     </span>
     <span class='ocr_line' id='line_1_8' title="bbox 154 544 1501 594; baseline 0.001 -11"><span class='ocrx_word' id='word_1_49' title='bbox 154 544 273 594; x_wconf 91' lang='lat' dir='ltr'>quod</span> <span class='ocrx_word' id='word_1_50' title='bbox 289 549 480 584; x_wconf 83' lang='lat' dir='ltr'>armatus</span> <span class='ocrx_word' id='word_1_51' title='bbox 495 545 710 585; x_wconf 83' lang='lat' dir='ltr'>dedecore</span> <span class='ocrx_word' id='word_1_52' title='bbox 726 545 870 594; x_wconf 90' lang='lat' dir='ltr'>potius</span> <span class='ocrx_word' id='word_1_53' title='bbox 882 556 1014 594; x_wconf 89' lang='lat' dir='ltr'>quam</span> <span class='ocrx_word' id='word_1_54' title='bbox 1027 556 1159 584; x_wconf 91' lang='lat' dir='ltr'>manu</span> <span class='ocrx_word' id='word_1_55' title='bbox 1172 545 1355 585; x_wconf 91' lang='lat' dir='ltr'>salutem</span> <span class='ocrx_word' id='word_1_56' title='bbox 1369 555 1501 594; x_wconf 88' lang='lat' dir='ltr'>quae-</span> 
     </span>
    </p>

    <p class='ocr_par' dir='ltr' id='par_1_4' title="bbox 107 603 1555 831">
     <span class='ocr_line' id='line_1_9' title="bbox 107 603 1499 644; baseline -0.001 0"><span class='ocrx_word' id='word_1_57' title='bbox 107 613 128 644; x_wconf 87' lang='lat'>2</span> <span class='ocrx_word' id='word_1_58' title='bbox 156 605 325 644; x_wconf 87' lang='lat' dir='ltr'>siverat.</span> <span class='ocrx_word' id='word_1_59' title='bbox 353 604 410 644; x_wconf 91' lang='lat' dir='ltr'>ob</span> <span class='ocrx_word' id='word_1_60' title='bbox 432 615 484 643; x_wconf 90' lang='lat' dir='ltr'>ea</span> <span class='ocrx_word' id='word_1_61' title='bbox 505 604 658 644; x_wconf 93' lang='lat' dir='ltr'>consul</span> <span class='ocrx_word' id='word_1_62' title='bbox 673 603 858 643; x_wconf 86' lang='lat' dir='ltr'>Albinus</span> <span class='ocrx_word' id='word_1_63' title='bbox 881 615 933 643; x_wconf 88' lang='lat' dir='ltr'>ex</span> <span class='ocrx_word' id='word_1_64' title='bbox 954 604 1112 644; x_wconf 86' lang='lat' dir='ltr'>delicto</span> <span class='ocrx_word' id='word_1_65' title='bbox 1133 604 1268 643; x_wconf 81' lang='lat' dir='ltr'>fratris</span> <span class='ocrx_word' id='word_1_66' title='bbox 1290 604 1499 643; x_wconf 91' lang='lat' dir='ltr'>invidiam</span> 
     </span>
     <span class='ocr_line' id='line_1_10' title="bbox 152 663 1501 712; baseline 0 -10"><span class='ocrx_word' id='word_1_67' title='bbox 152 674 203 702; x_wconf 92' lang='lat' dir='ltr'>ac</span> <span class='ocrx_word' id='word_1_68' title='bbox 229 663 389 703; x_wconf 88' lang='lat' dir='ltr'>deinde</span> <span class='ocrx_word' id='word_1_69' title='bbox 414 663 653 712; x_wconf 88' lang='lat' dir='ltr'>periculum</span> <span class='ocrx_word' id='word_1_70' title='bbox 674 664 830 703; x_wconf 87' lang='lat' dir='ltr'>timens</span> <span class='ocrx_word' id='word_1_71' title='bbox 852 668 1051 703; x_wconf 87' lang='lat' dir='ltr'>senatum</span> <span class='ocrx_word' id='word_1_72' title='bbox 1074 663 1129 703; x_wconf 90' lang='lat' dir='ltr'>de</span> <span class='ocrx_word' id='word_1_73' title='bbox 1149 663 1324 703; x_wconf 81' lang='lat' dir='ltr'>foedere</span> <span class='ocrx_word' id='word_1_74' title='bbox 1345 674 1501 703; x_wconf 91' lang='lat' dir='ltr'>consu-</span> 
     </span>
     <span class='ocr_line' id='line_1_11' title="bbox 152 722 1555 772; baseline -0.001 -11"><span class='ocrx_word' id='word_1_75' title='bbox 152 722 279 769; x_wconf 86' lang='lat' dir='ltr'>lebat,</span> <span class='ocrx_word' id='word_1_76' title='bbox 301 727 342 762; x_wconf 92' lang='lat' dir='ltr'>et</span> <span class='ocrx_word' id='word_1_77' title='bbox 363 727 508 762; x_wconf 91' lang='lat' dir='ltr'>tamen</span> <span class='ocrx_word' id='word_1_78' title='bbox 531 723 698 762; x_wconf 83' lang='lat' dir='ltr'>interim</span> <span class='ocrx_word' id='word_1_79' title='bbox 718 723 918 762; x_wconf 86' lang='lat' dir='ltr'>exercitui</span> <span class='ocrx_word' id='word_1_80' title='bbox 934 722 1287 772; x_wconf 89' lang='lat' dir='ltr'>supplementum</span> <span class='ocrx_word' id='word_1_81' title='bbox 1304 722 1500 769; x_wconf 90' lang='lat' dir='ltr'>scribere,</span> <span class='ocrx_word' id='word_1_82' title='bbox 1521 731 1555 759; x_wconf 86' lang='lat'>10</span> 
     </span>
     <span class='ocr_line' id='line_1_12' title="bbox 151 781 1500 831; baseline -0.001 -10"><span class='ocrx_word' id='word_1_83' title='bbox 151 781 206 821; x_wconf 89' lang='lat' dir='ltr'>ab</span> <span class='ocrx_word' id='word_1_84' title='bbox 241 783 371 821; x_wconf 88' lang='lat' dir='ltr'>sociis</span> <span class='ocrx_word' id='word_1_85' title='bbox 406 787 447 821; x_wconf 91' lang='lat' dir='ltr'>et</span> <span class='ocrx_word' id='word_1_86' title='bbox 476 783 656 822; x_wconf 87' lang='lat' dir='ltr'>nomine</span> <span class='ocrx_word' id='word_1_87' title='bbox 682 782 834 822; x_wconf 91' lang='lat' dir='ltr'>Latino</span> <span class='ocrx_word' id='word_1_88' title='bbox 862 781 1022 821; x_wconf 87' lang='lat' dir='ltr'>auxilia</span> <span class='ocrx_word' id='word_1_89' title='bbox 1048 793 1275 828; x_wconf 84' lang='lat' dir='ltr'>arcessere,</span> <span class='ocrx_word' id='word_1_90' title='bbox 1310 782 1500 831; x_wconf 89' lang='lat' dir='ltr'>denique</span> 
     </span>
    </p>

    <p class='ocr_par' dir='ltr' id='par_1_5' title="bbox 104 840 1500 950">
     <span class='ocr_line' id='line_1_13' title="bbox 104 840 1500 891; baseline -0.001 -10"><span class='ocrx_word' id='word_1_91' title='bbox 104 850 125 882; x_wconf 84' lang='grc'>3</span> <span class='ocrx_word' id='word_1_92' title='bbox 151 841 357 880; x_wconf 90' lang='lat' dir='ltr'>omnibus</span> <span class='ocrx_word' id='word_1_93' title='bbox 385 841 527 881; x_wconf 91' lang='lat' dir='ltr'>modis</span> <span class='ocrx_word' id='word_1_94' title='bbox 549 841 760 881; x_wconf 78' lang='lat' dir='ltr'>festinare.</span> <span class='ocrx_word' id='word_1_95' title='bbox 794 845 971 881; x_wconf 89' lang='lat' dir='ltr'>senatus</span> <span class='ocrx_word' id='word_1_96' title='bbox 992 842 1061 887; x_wconf 88' lang='lat' dir='ltr'>ita,</span> <span class='ocrx_word' id='word_1_97' title='bbox 1082 842 1142 881; x_wconf 90' lang='lat' dir='ltr'>uti</span> <span class='ocrx_word' id='word_1_98' title='bbox 1164 852 1239 891; x_wconf 90' lang='lat' dir='ltr'>par</span> <span class='ocrx_word' id='word_1_99' title='bbox 1259 841 1406 887; x_wconf 78' lang='lat' dir='ltr'>fuerat,</span> <span class='ocrx_word' id='word_1_100' title='bbox 1428 840 1500 880; x_wconf 92' lang='lat' dir='ltr'>de-</span> 
     </span>
     <span class='ocr_line' id='line_1_14' title="bbox 153 899 1500 950; baseline 0 -11"><span class='ocrx_word' id='word_1_101' title='bbox 153 901 285 940; x_wconf 88' lang='lat' dir='ltr'>cernit</span> <span class='ocrx_word' id='word_1_102' title='bbox 312 912 392 941; x_wconf 88' lang='lat' dir='ltr'>suo</span> <span class='ocrx_word' id='word_1_103' title='bbox 421 905 552 950; x_wconf 88' lang='lat' dir='ltr'>atque</span> <span class='ocrx_word' id='word_1_104' title='bbox 579 900 730 950; x_wconf 89' lang='lat' dir='ltr'>populi</span> <span class='ocrx_word' id='word_1_105' title='bbox 752 900 918 940; x_wconf 92' lang='lat' dir='ltr'>iniussu</span> <span class='ocrx_word' id='word_1_106' title='bbox 940 900 1106 939; x_wconf 92' lang='lat' dir='ltr'>nullum</span> <span class='ocrx_word' id='word_1_107' title='bbox 1129 901 1323 950; x_wconf 89' lang='lat' dir='ltr'>potuisse</span> <span class='ocrx_word' id='word_1_108' title='bbox 1344 899 1500 939; x_wconf 78' lang='lat' dir='ltr'>foedus</span> 
     </span>
    </p>

    <p class='ocr_par' dir='ltr' id='par_1_6' title="bbox 105 959 1555 1127">
     <span class='ocr_line' id='line_1_15' title="bbox 105 959 1500 1009; baseline -0.001 -9"><span class='ocrx_word' id='word_1_109' title='bbox 105 969 125 1000; x_wconf 72' lang='grc'>4</span> <span class='ocrx_word' id='word_1_110' title='bbox 153 959 255 999; x_wconf 81' lang='lat' dir='ltr'>fieri.</span> <span class='ocrx_word' id='word_1_111' title='bbox 289 960 441 1000; x_wconf 91' lang='lat' dir='ltr'>consul</span> <span class='ocrx_word' id='word_1_112' title='bbox 469 960 703 1009; x_wconf 89' lang='lat' dir='ltr'>impeditus</span> <span class='ocrx_word' id='word_1_113' title='bbox 730 971 754 998; x_wconf 93' lang='lat' dir='ltr'>a</span> <span class='ocrx_word' id='word_1_114' title='bbox 782 960 961 999; x_wconf 90' lang='lat' dir='ltr'>tribunis</span> <span class='ocrx_word' id='word_1_115' title='bbox 990 959 1140 1008; x_wconf 90' lang='lat' dir='ltr'>plebis,</span> <span class='ocrx_word' id='word_1_116' title='bbox 1167 971 1222 999; x_wconf 91' lang='lat' dir='ltr'>ne</span> <span class='ocrx_word' id='word_1_117' title='bbox 1249 970 1357 1009; x_wconf 92' lang='lat' dir='ltr'>quas</span> <span class='ocrx_word' id='word_1_118' title='bbox 1380 969 1500 1008; x_wconf 90' lang='lat' dir='ltr'>para-</span> 
     </span>
     <span class='ocr_line' id='line_1_16' title="bbox 151 1017 1555 1068; baseline -0.001 -11"><span class='ocrx_word' id='word_1_119' title='bbox 151 1023 272 1058; x_wconf 90' lang='lat' dir='ltr'>verat</span> <span class='ocrx_word' id='word_1_120' title='bbox 299 1020 448 1068; x_wconf 90' lang='lat' dir='ltr'>copias</span> <span class='ocrx_word' id='word_1_121' title='bbox 476 1030 624 1058; x_wconf 90' lang='lat' dir='ltr'>secum</span> <span class='ocrx_word' id='word_1_122' title='bbox 652 1023 850 1068; x_wconf 90' lang='lat' dir='ltr'>portaret,</span> <span class='ocrx_word' id='word_1_123' title='bbox 884 1019 1033 1068; x_wconf 89' lang='lat' dir='ltr'>paucis</span> <span class='ocrx_word' id='word_1_124' title='bbox 1061 1019 1215 1058; x_wconf 91' lang='lat' dir='ltr'>diebus</span> <span class='ocrx_word' id='word_1_125' title='bbox 1242 1020 1284 1058; x_wconf 92' lang='lat' dir='ltr'>in</span> <span class='ocrx_word' id='word_1_126' title='bbox 1311 1017 1499 1058; x_wconf 79' lang='lat' dir='ltr'>Africam</span> <span class='ocrx_word' id='word_1_127' title='bbox 1521 1028 1555 1055; x_wconf 86' lang='lat'>15</span> 
     </span>
     <span class='ocr_line' id='line_1_17' title="bbox 153 1077 1501 1127; baseline -0.001 -10"><span class='ocrx_word' id='word_1_128' title='bbox 153 1078 452 1127; x_wconf 82' lang='lat' dir='ltr'>proficiscitur;</span> <span class='ocrx_word' id='word_1_129' title='bbox 479 1090 580 1117; x_wconf 90' lang='lat' dir='ltr'>nam</span> <span class='ocrx_word' id='word_1_130' title='bbox 608 1079 750 1118; x_wconf 92' lang='lat' dir='ltr'>omnis</span> <span class='ocrx_word' id='word_1_131' title='bbox 778 1079 1000 1123; x_wconf 86' lang='lat' dir='ltr'>exercitus,</span> <span class='ocrx_word' id='word_1_132' title='bbox 1027 1079 1087 1117; x_wconf 85' lang='lat' dir='ltr'>uti</span> <span class='ocrx_word' id='word_1_133' title='bbox 1113 1082 1386 1123; x_wconf 90' lang='lat' dir='ltr'>convenerat,</span> <span class='ocrx_word' id='word_1_134' title='bbox 1413 1077 1501 1116; x_wconf 87' lang='lat' dir='ltr'>Nu-</span> 
     </span>
    </p>

    <p class='ocr_par' dir='ltr' id='par_1_7' title="bbox 105 1137 1556 1424">
     <span class='ocr_line' id='line_1_18' title="bbox 105 1137 1500 1187; baseline -0.001 -9"><span class='ocrx_word' id='word_1_135' title='bbox 105 1148 126 1178; x_wconf 86' lang='lat'>5</span> <span class='ocrx_word' id='word_1_136' title='bbox 153 1137 287 1176; x_wconf 91' lang='lat' dir='ltr'>midia</span> <span class='ocrx_word' id='word_1_137' title='bbox 308 1138 522 1177; x_wconf 90' lang='lat' dir='ltr'>deductus</span> <span class='ocrx_word' id='word_1_138' title='bbox 543 1139 585 1177; x_wconf 93' lang='lat' dir='ltr'>in</span> <span class='ocrx_word' id='word_1_139' title='bbox 608 1139 831 1187; x_wconf 90' lang='lat' dir='ltr'>provincia</span> <span class='ocrx_word' id='word_1_140' title='bbox 852 1137 1082 1177; x_wconf 88' lang='lat' dir='ltr'>hiemabat.</span> <span class='ocrx_word' id='word_1_141' title='bbox 1111 1141 1343 1186; x_wconf 86' lang='lat' dir='ltr'>postquam</span> <span class='ocrx_word' id='word_1_142' title='bbox 1360 1148 1412 1176; x_wconf 91' lang='lat' dir='ltr'>eo</span> <span class='ocrx_word' id='word_1_143' title='bbox 1428 1147 1500 1176; x_wconf 85' lang='lat' dir='ltr'>ve-</span> 
     </span>
     <span class='ocr_line' id='line_1_19' title="bbox 153 1196 1500 1246; baseline -0.001 -10"><span class='ocrx_word' id='word_1_144' title='bbox 153 1197 225 1242; x_wconf 89' lang='lat' dir='ltr'>nit,</span> <span class='ocrx_word' id='word_1_145' title='bbox 253 1208 521 1246; x_wconf 90' lang='lat' dir='ltr'>quamquam</span> <span class='ocrx_word' id='word_1_146' title='bbox 550 1198 748 1246; x_wconf 88' lang='lat' dir='ltr'>persequi</span> <span class='ocrx_word' id='word_1_147' title='bbox 775 1196 1022 1246; x_wconf 88' lang='lat' dir='ltr'>Iugurtham</span> <span class='ocrx_word' id='word_1_148' title='bbox 1045 1201 1086 1236; x_wconf 85' lang='lat' dir='ltr'>et</span> <span class='ocrx_word' id='word_1_149' title='bbox 1107 1196 1268 1235; x_wconf 91' lang='lat' dir='ltr'>mederi</span> <span class='ocrx_word' id='word_1_150' title='bbox 1290 1196 1500 1235; x_wconf 82' lang='lat' dir='ltr'>fraternae</span> 
     </span>
     <span class='ocr_line' id='line_1_20' title="bbox 153 1255 1501 1305; baseline 0 -11"><span class='ocrx_word' id='word_1_151' title='bbox 153 1256 344 1296; x_wconf 89' lang='lat' dir='ltr'>invidiae</span> <span class='ocrx_word' id='word_1_152' title='bbox 365 1257 512 1296; x_wconf 91' lang='lat' dir='ltr'>animo</span> <span class='ocrx_word' id='word_1_153' title='bbox 533 1256 723 1302; x_wconf 90' lang='lat' dir='ltr'>ardebat,</span> <span class='ocrx_word' id='word_1_154' title='bbox 751 1257 935 1305; x_wconf 84' lang='lat' dir='ltr'>cognitis</span> <span class='ocrx_word' id='word_1_155' title='bbox 955 1255 1175 1301; x_wconf 91' lang='lat' dir='ltr'>militibus,</span> <span class='ocrx_word' id='word_1_156' title='bbox 1202 1266 1312 1305; x_wconf 90' lang='lat' dir='ltr'>quos</span> <span class='ocrx_word' id='word_1_157' title='bbox 1335 1259 1501 1304; x_wconf 86' lang='lat' dir='ltr'>praeter</span> 
     </span>
     <span class='ocr_line' id='line_1_21' title="bbox 153 1314 1556 1365; baseline -0.001 -12"><span class='ocrx_word' id='word_1_158' title='bbox 153 1314 299 1365; x_wconf 78' lang='lat' dir='ltr'>fugam</span> <span class='ocrx_word' id='word_1_159' title='bbox 327 1315 472 1355; x_wconf 92' lang='lat' dir='ltr'>soluto</span> <span class='ocrx_word' id='word_1_160' title='bbox 498 1316 678 1365; x_wconf 91' lang='lat' dir='ltr'>imperio</span> <span class='ocrx_word' id='word_1_161' title='bbox 701 1315 872 1354; x_wconf 88' lang='lat' dir='ltr'>licentia</span> <span class='ocrx_word' id='word_1_162' title='bbox 893 1319 1024 1364; x_wconf 92' lang='lat' dir='ltr'>atque</span> <span class='ocrx_word' id='word_1_163' title='bbox 1044 1314 1222 1354; x_wconf 86' lang='lat' dir='ltr'>lascivia</span> <span class='ocrx_word' id='word_1_164' title='bbox 1243 1318 1500 1363; x_wconf 85' lang='lat' dir='ltr'>corruperat,</span> <span class='ocrx_word' id='word_1_165' title='bbox 1519 1323 1556 1350; x_wconf 88' lang='lat'>20</span> 
     </span>
     <span class='ocr_line' id='line_1_22' title="bbox 153 1374 1233 1424; baseline 0.001 -11"><span class='ocrx_word' id='word_1_166' title='bbox 153 1385 204 1413; x_wconf 89' lang='lat' dir='ltr'>ex</span> <span class='ocrx_word' id='word_1_167' title='bbox 233 1376 360 1424; x_wconf 91' lang='lat' dir='ltr'>copia</span> <span class='ocrx_word' id='word_1_168' title='bbox 385 1386 525 1414; x_wconf 92' lang='lat' dir='ltr'>rerum</span> <span class='ocrx_word' id='word_1_169' title='bbox 553 1375 699 1414; x_wconf 90' lang='lat' dir='ltr'>statuit</span> <span class='ocrx_word' id='word_1_170' title='bbox 725 1374 806 1414; x_wconf 89' lang='lat' dir='ltr'>sibi</span> <span class='ocrx_word' id='word_1_171' title='bbox 834 1374 938 1413; x_wconf 91' lang='lat' dir='ltr'>nihil</span> <span class='ocrx_word' id='word_1_172' title='bbox 967 1374 1233 1424; x_wconf 88' lang='lat' dir='ltr'>agitandum.</span> 
     </span>
    </p>

    <p class='ocr_par' dir='ltr' id='par_1_8' title="bbox 89 1432 1555 1779">
     <span class='ocr_line' id='line_1_23' title="bbox 89 1432 1501 1481; baseline -0.001 -9"><span class='ocrx_word' id='word_1_173' title='bbox 89 1440 147 1478; x_wconf 71' lang='lat'>40</span> <span class='ocrx_word' id='word_1_174' title='bbox 215 1433 385 1474; x_wconf 89' lang='lat' dir='ltr'>Interim</span> <span class='ocrx_word' id='word_1_175' title='bbox 404 1433 569 1474; x_wconf 86' lang='lat' dir='ltr'>Romae</span> <span class='ocrx_word' id='word_1_176' title='bbox 585 1433 627 1474; x_wconf 92' lang='lat' dir='ltr'>C.</span> <span class='ocrx_word' id='word_1_177' title='bbox 642 1433 860 1473; x_wconf 90' lang='lat' dir='ltr'>Mamilius</span> <span class='ocrx_word' id='word_1_178' title='bbox 876 1433 1125 1472; x_wconf 89' lang='lat' dir='ltr'>Limetanus</span> <span class='ocrx_word' id='word_1_179' title='bbox 1145 1433 1340 1472; x_wconf 90' lang='lat' dir='ltr'>tribunus</span> <span class='ocrx_word' id='word_1_180' title='bbox 1361 1432 1501 1481; x_wconf 88' lang='lat' dir='ltr'>plebis</span> 
     </span>
     <span class='ocr_line' id='line_1_24' title="bbox 157 1492 1499 1543; baseline -0.001 -12"><span class='ocrx_word' id='word_1_181' title='bbox 157 1494 429 1543; x_wconf 86' lang='lat' dir='ltr'>rogationem</span> <span class='ocrx_word' id='word_1_182' title='bbox 457 1493 513 1532; x_wconf 92' lang='lat' dir='ltr'>ad</span> <span class='ocrx_word' id='word_1_183' title='bbox 541 1493 752 1542; x_wconf 92' lang='lat' dir='ltr'>populum</span> <span class='ocrx_word' id='word_1_184' title='bbox 780 1492 1038 1542; x_wconf 88' lang='lat' dir='ltr'>promulgat,</span> <span class='ocrx_word' id='word_1_185' title='bbox 1070 1493 1130 1532; x_wconf 90' lang='lat' dir='ltr'>uti</span> <span class='ocrx_word' id='word_1_186' title='bbox 1157 1496 1431 1542; x_wconf 85' lang='lat' dir='ltr'>quaereretur</span> <span class='ocrx_word' id='word_1_187' title='bbox 1457 1492 1499 1530; x_wconf 93' lang='lat' dir='ltr'>in</span> 
     </span>
     <span class='ocr_line' id='line_1_25' title="bbox 157 1551 1500 1602; baseline -0.001 -11"><span class='ocrx_word' id='word_1_188' title='bbox 157 1563 246 1598; x_wconf 89' lang='lat' dir='ltr'>eos,</span> <span class='ocrx_word' id='word_1_189' title='bbox 268 1564 452 1602; x_wconf 88' lang='lat' dir='ltr'>quorum</span> <span class='ocrx_word' id='word_1_190' title='bbox 471 1552 653 1592; x_wconf 91' lang='lat' dir='ltr'>consilio</span> <span class='ocrx_word' id='word_1_191' title='bbox 669 1552 872 1602; x_wconf 86' lang='lat' dir='ltr'>Iugurtha</span> <span class='ocrx_word' id='word_1_192' title='bbox 886 1553 1025 1591; x_wconf 89' lang='lat' dir='ltr'>senati</span> <span class='ocrx_word' id='word_1_193' title='bbox 1040 1552 1211 1591; x_wconf 90' lang='lat' dir='ltr'>decreta</span> <span class='ocrx_word' id='word_1_194' title='bbox 1225 1551 1500 1601; x_wconf 85' lang='lat' dir='ltr'>neglexisset,</span> 
     </span>
     <span class='ocr_line' id='line_1_26' title="bbox 156 1611 1555 1661; baseline -0.002 -11"><span class='ocrx_word' id='word_1_195' title='bbox 156 1613 319 1661; x_wconf 90' lang='lat' dir='ltr'>quique</span> <span class='ocrx_word' id='word_1_196' title='bbox 346 1612 401 1651; x_wconf 90' lang='lat' dir='ltr'>ab</span> <span class='ocrx_word' id='word_1_197' title='bbox 429 1623 482 1652; x_wconf 93' lang='lat' dir='ltr'>eo</span> <span class='ocrx_word' id='word_1_198' title='bbox 509 1613 552 1651; x_wconf 91' lang='lat' dir='ltr'>in</span> <span class='ocrx_word' id='word_1_199' title='bbox 580 1611 871 1661; x_wconf 90' lang='lat' dir='ltr'>legationibus</span> <span class='ocrx_word' id='word_1_200' title='bbox 898 1616 972 1650; x_wconf 92' lang='lat' dir='ltr'>aut</span> <span class='ocrx_word' id='word_1_201' title='bbox 992 1612 1182 1660; x_wconf 91' lang='lat' dir='ltr'>imperiis</span> <span class='ocrx_word' id='word_1_202' title='bbox 1204 1611 1411 1659; x_wconf 89' lang='lat' dir='ltr'>pecunias</span> <span class='ocrx_word' id='word_1_203' title='bbox 1431 1620 1499 1648; x_wconf 90' lang='lat' dir='ltr'>ac-</span> <span class='ocrx_word' id='word_1_204' title='bbox 1518 1618 1555 1646; x_wconf 73' lang='lat'>25</span> 
     </span>
     <span class='ocr_line' id='line_1_27' title="bbox 155 1669 1499 1720; baseline -0.001 -11"><span class='ocrx_word' id='word_1_205' title='bbox 155 1672 384 1720; x_wconf 86' lang='lat' dir='ltr'>cepissent,</span> <span class='ocrx_word' id='word_1_206' title='bbox 411 1671 484 1720; x_wconf 89' lang='lat' dir='ltr'>qui</span> <span class='ocrx_word' id='word_1_207' title='bbox 512 1671 769 1720; x_wconf 90' lang='lat' dir='ltr'>elephantos</span> <span class='ocrx_word' id='word_1_208' title='bbox 797 1671 959 1720; x_wconf 91' lang='lat' dir='ltr'>quique</span> <span class='ocrx_word' id='word_1_209' title='bbox 986 1670 1187 1720; x_wconf 78' lang='lat' dir='ltr'>perfugas</span> <span class='ocrx_word' id='word_1_210' title='bbox 1211 1669 1499 1715; x_wconf 86' lang='lat' dir='ltr'>tradidissent,</span> 
     </span>
     <span class='ocr_line' id='line_1_28' title="bbox 154 1727 1499 1779; baseline -0.001 -10"><span class='ocrx_word' id='word_1_211' title='bbox 154 1730 255 1769; x_wconf 90' lang='lat' dir='ltr'>item</span> <span class='ocrx_word' id='word_1_212' title='bbox 284 1731 357 1779; x_wconf 92' lang='lat' dir='ltr'>qui</span> <span class='ocrx_word' id='word_1_213' title='bbox 385 1730 440 1769; x_wconf 94' lang='lat' dir='ltr'>de</span> <span class='ocrx_word' id='word_1_214' title='bbox 467 1741 574 1779; x_wconf 92' lang='lat' dir='ltr'>pace</span> <span class='ocrx_word' id='word_1_215' title='bbox 601 1734 675 1769; x_wconf 89' lang='lat' dir='ltr'>aut</span> <span class='ocrx_word' id='word_1_216' title='bbox 701 1729 815 1769; x_wconf 90' lang='lat' dir='ltr'>bello</span> <span class='ocrx_word' id='word_1_217' title='bbox 844 1741 941 1768; x_wconf 91' lang='lat' dir='ltr'>cum</span> <span class='ocrx_word' id='word_1_218' title='bbox 969 1729 1167 1769; x_wconf 91' lang='lat' dir='ltr'>hostibus</span> <span class='ocrx_word' id='word_1_219' title='bbox 1195 1729 1417 1778; x_wconf 89' lang='lat' dir='ltr'>pactiones</span> <span class='ocrx_word' id='word_1_220' title='bbox 1441 1727 1499 1767; x_wconf 81' lang='lat' dir='ltr'>fe-</span> 
     </span>
    </p>

    <p class='ocr_par' dir='ltr' id='par_1_9' title="bbox 106 1788 1554 2016">
     <span class='ocr_line' id='line_1_29' title="bbox 106 1788 1498 1839; baseline -0.002 -11"><span class='ocrx_word' id='word_1_221' title='bbox 106 1792 127 1823; x_wconf 90' lang='lat'>2</span> <span class='ocrx_word' id='word_1_222' title='bbox 154 1790 324 1829; x_wconf 87' lang='lat' dir='ltr'>cissent.</span> <span class='ocrx_word' id='word_1_223' title='bbox 352 1790 452 1828; x_wconf 90' lang='lat' dir='ltr'>huic</span> <span class='ocrx_word' id='word_1_224' title='bbox 467 1790 681 1839; x_wconf 90' lang='lat' dir='ltr'>rogationi</span> <span class='ocrx_word' id='word_1_225' title='bbox 698 1790 851 1838; x_wconf 90' lang='lat' dir='ltr'>partim</span> <span class='ocrx_word' id='word_1_226' title='bbox 867 1789 1028 1829; x_wconf 91' lang='lat' dir='ltr'>conscii</span> <span class='ocrx_word' id='word_1_227' title='bbox 1044 1789 1137 1835; x_wconf 89' lang='lat' dir='ltr'>sibi,</span> <span class='ocrx_word' id='word_1_228' title='bbox 1158 1788 1228 1827; x_wconf 91' lang='lat' dir='ltr'>alii</span> <span class='ocrx_word' id='word_1_229' title='bbox 1245 1799 1298 1827; x_wconf 79' lang='lat' dir='ltr'>ex</span> <span class='ocrx_word' id='word_1_230' title='bbox 1313 1788 1498 1836; x_wconf 90' lang='lat' dir='ltr'>partium</span> 
     </span>
     <span class='ocr_line' id='line_1_30' title="bbox 153 1847 1497 1898; baseline -0.002 -11"><span class='ocrx_word' id='word_1_231' title='bbox 153 1849 318 1887; x_wconf 90' lang='lat' dir='ltr'>invidia</span> <span class='ocrx_word' id='word_1_232' title='bbox 333 1848 523 1898; x_wconf 88' lang='lat' dir='ltr'>pericula</span> <span class='ocrx_word' id='word_1_233' title='bbox 538 1852 791 1894; x_wconf 85' lang='lat' dir='ltr'>metuentes,</span> <span class='ocrx_word' id='word_1_234' title='bbox 813 1849 1020 1897; x_wconf 88' lang='lat' dir='ltr'>quoniam</span> <span class='ocrx_word' id='word_1_235' title='bbox 1037 1851 1183 1897; x_wconf 88' lang='lat' dir='ltr'>aperte</span> <span class='ocrx_word' id='word_1_236' title='bbox 1198 1847 1394 1886; x_wconf 87' lang='lat' dir='ltr'>resistere</span> <span class='ocrx_word' id='word_1_237' title='bbox 1408 1857 1497 1885; x_wconf 91' lang='lat' dir='ltr'>non</span> 
     </span>
     <span class='ocr_line' id='line_1_31' title="bbox 153 1905 1554 1957; baseline -0.003 -10"><span class='ocrx_word' id='word_1_238' title='bbox 153 1912 363 1956; x_wconf 84' lang='lat' dir='ltr'>poterant,</span> <span class='ocrx_word' id='word_1_239' title='bbox 396 1909 500 1957; x_wconf 90' lang='lat' dir='ltr'>quin</span> <span class='ocrx_word' id='word_1_240' title='bbox 534 1908 606 1946; x_wconf 91' lang='lat' dir='ltr'>illa</span> <span class='ocrx_word' id='word_1_241' title='bbox 639 1913 680 1947; x_wconf 92' lang='lat' dir='ltr'>et</span> <span class='ocrx_word' id='word_1_242' title='bbox 712 1907 797 1946; x_wconf 91' lang='lat' dir='ltr'>alia</span> <span class='ocrx_word' id='word_1_243' title='bbox 823 1907 925 1946; x_wconf 91' lang='lat' dir='ltr'>talia</span> <span class='ocrx_word' id='word_1_244' title='bbox 951 1907 1121 1956; x_wconf 92' lang='lat' dir='ltr'>placere</span> <span class='ocrx_word' id='word_1_245' title='bbox 1147 1906 1228 1945; x_wconf 90' lang='lat' dir='ltr'>sibi</span> <span class='ocrx_word' id='word_1_246' title='bbox 1256 1905 1497 1951; x_wconf 84' lang='lat' dir='ltr'>faterentur,</span> <span class='ocrx_word' id='word_1_247' title='bbox 1517 1913 1554 1942; x_wconf 79' lang='lat'>³0</span> 
     </span>
     <span class='ocr_line' id='line_1_32' title="bbox 153 1965 1498 2016; baseline -0.002 -10"><span class='ocrx_word' id='word_1_248' title='bbox 153 1967 321 2006; x_wconf 92' lang='lat' dir='ltr'>occulte</span> <span class='ocrx_word' id='word_1_249' title='bbox 354 1978 429 2016; x_wconf 92' lang='lat' dir='ltr'>per</span> <span class='ocrx_word' id='word_1_250' title='bbox 460 1968 625 2006; x_wconf 91' lang='lat' dir='ltr'>amicos</span> <span class='ocrx_word' id='word_1_251' title='bbox 658 1978 708 2006; x_wconf 91' lang='lat' dir='ltr'>ac</span> <span class='ocrx_word' id='word_1_252' title='bbox 741 1978 944 2005; x_wconf 86' lang='lat' dir='ltr'>maxume</span> <span class='ocrx_word' id='word_1_253' title='bbox 977 1977 1051 2015; x_wconf 91' lang='lat' dir='ltr'>per</span> <span class='ocrx_word' id='word_1_254' title='bbox 1080 1966 1280 2005; x_wconf 90' lang='lat' dir='ltr'>homines</span> <span class='ocrx_word' id='word_1_255' title='bbox 1308 1965 1498 2004; x_wconf 91' lang='lat' dir='ltr'>nominis</span> 
     </span>
    </p>

    <p class='ocr_par' dir='ltr' id='par_1_10' title="bbox 105 2023 1498 2074">
     <span class='ocr_line' id='line_1_33' title="bbox 105 2023 1498 2074; baseline 0.001 -13"><span class='ocrx_word' id='word_1_256' title='bbox 105 2029 126 2061; x_wconf 88' lang='lat'><strong>3</strong></span> <span class='ocrx_word' id='word_1_257' title='bbox 153 2025 291 2065; x_wconf 92' lang='lat' dir='ltr'>Latini</span> <span class='ocrx_word' id='word_1_258' title='bbox 313 2031 353 2066; x_wconf 89' lang='lat' dir='ltr'>et</span> <span class='ocrx_word' id='word_1_259' title='bbox 374 2027 518 2066; x_wconf 89' lang='lat' dir='ltr'>socios</span> <span class='ocrx_word' id='word_1_260' title='bbox 539 2026 708 2066; x_wconf 90' lang='lat' dir='ltr'>Italicos</span> <span class='ocrx_word' id='word_1_261' title='bbox 730 2026 1042 2074; x_wconf 89' lang='lat' dir='ltr'>impedimenta</span> <span class='ocrx_word' id='word_1_262' title='bbox 1063 2025 1283 2074; x_wconf 91' lang='lat' dir='ltr'>parabant.</span> <span class='ocrx_word' id='word_1_263' title='bbox 1317 2024 1394 2063; x_wconf 90' lang='lat' dir='ltr'>sed</span> <span class='ocrx_word' id='word_1_264' title='bbox 1410 2023 1498 2072; x_wconf 91' lang='lat' dir='ltr'>ple-</span> 
     </span>
    </p>
   </div>
   <div class='ocr_carea' id='block_1_3' title="bbox 149 2138 1500 2371">
    <p class='ocr_par' dir='ltr' id='par_1_11' title="bbox 149 2138 1500 2371">
     <span class='ocr_line' id='line_1_34' title="bbox 212 2138 1497 2182; baseline -0.002 -7"><span class='ocrx_word' id='word_1_265' title='bbox 212 2143 233 2175; x_wconf 82' lang='lat'><strong>3</strong></span> <span class='ocrx_word' id='word_1_266' title='bbox 259 2143 321 2174; x_wconf 90' lang='lat' dir='ltr'>ubi</span> <span class='ocrx_word' id='word_1_267' title='bbox 344 2167 374 2174; x_wconf 88' lang='lat'>..</span> <span class='ocrx_word' id='word_1_268' title='bbox 391 2167 398 2175; x_wconf 97' lang='lat'>.</span> <span class='ocrx_word' id='word_1_269' title='bbox 420 2146 606 2182; x_wconf 86' lang='lat' dir='ltr'>comperta</span> <span class='ocrx_word' id='word_1_270' title='bbox 626 2145 710 2174; x_wconf 89' lang='lat' dir='ltr'>sunt</span> <span class='ocrx_word' id='word_1_271' title='bbox 728 2142 843 2174; x_wconf 82' lang='lat' dir='ltr'>Prisc.</span> <span class='ocrx_word' id='word_1_272' title='bbox 864 2151 1020 2181; x_wconf 73' lang='lat' dir='ltr'>yramm.</span> <span class='ocrx_word' id='word_1_273' title='bbox 1040 2141 1090 2172; x_wconf 95' lang='lat' dir='ltr'>III</span> <span class='ocrx_word' id='word_1_274' title='bbox 1109 2144 1157 2179; x_wconf 88' lang='lat'>73,</span> <span class='ocrx_word' id='word_1_275' title='bbox 1173 2144 1212 2173; x_wconf 89' lang='lat'>10</span> <span class='ocrx_word' id='word_1_276' title='bbox 1237 2141 1298 2172; x_wconf 86' lang='lat' dir='ltr'>ubi</span> <span class='ocrx_word' id='word_1_277' title='bbox 1326 2138 1383 2178; x_wconf 81' lang='lat' dir='ltr'>ea]</span> <span class='ocrx_word' id='word_1_278' title='bbox 1405 2140 1497 2172; x_wconf 83' lang='lat' dir='ltr'>haec</span> 
     </span>
     <span class='ocr_line' id='line_1_35' title="bbox 152 2187 1499 2230; baseline -0.001 -9"><span class='ocrx_word' id='word_1_279' title='bbox 152 2190 215 2221; x_wconf 88' lang='lat' dir='ltr'>ubi</span> <span class='ocrx_word' id='word_1_280' title='bbox 235 2190 348 2221; x_wconf 84' lang='lat' dir='ltr'>Prisc.</span> <span class='ocrx_word' id='word_1_281' title='bbox 364 2192 409 2230; x_wconf 77' lang='lat' dir='ltr'>cs.</span> <span class='ocrx_word' id='word_1_282' title='bbox 426 2190 538 2223; x_wconf 72' lang='lat' dir='ltr'>Catil.</span> <span class='ocrx_word' id='word_1_283' title='bbox 556 2193 608 2229; x_wconf 82' lang='lat'>36,</span> <span class='ocrx_word' id='word_1_284' title='bbox 622 2193 642 2221; x_wconf 88' lang='lat'><em>2</em></span> <span class='ocrx_word' id='word_1_285' title='bbox 691 2189 712 2221; x_wconf 85' lang='lat'>4</span> <span class='ocrx_word' id='word_1_286' title='bbox 728 2198 810 2228; x_wconf 88' lang='lat' dir='ltr'>pars</span> <span class='ocrx_word' id='word_1_287' title='bbox 830 2189 936 2221; x_wconf 82' lang='lat' dir='ltr'>insol.</span> <span class='ocrx_word' id='word_1_288' title='bbox 957 2197 1020 2221; x_wconf 88' lang='lat' dir='ltr'>rer.</span> <span class='ocrx_word' id='word_1_289' title='bbox 1041 2188 1124 2220; x_wconf 89' lang='lat' dir='ltr'>bell.</span> <span class='ocrx_word' id='word_1_290' title='bbox 1145 2188 1251 2220; x_wconf 84' lang='lat' dir='ltr'>Arus.</span> <span class='ocrx_word' id='word_1_291' title='bbox 1265 2196 1420 2227; x_wconf 66' lang='lat' dir='ltr'>gramm.</span> <span class='ocrx_word' id='word_1_292' title='bbox 1441 2187 1499 2219; x_wconf 91' lang='lat' dir='ltr'>VII</span> 
     </span>
     <span class='ocr_line' id='line_1_36' title="bbox 150 2231 1495 2275; baseline -0.001 -7"><span class='ocrx_word' id='word_1_293' title='bbox 150 2240 279 2275; x_wconf 79' lang='grc'><strong><em>486,20</em></strong></span> <span class='ocrx_word' id='word_1_294' title='bbox 363 2237 384 2268; x_wconf 88' lang='grc'>6</span> <span class='ocrx_word' id='word_1_295' title='bbox 410 2237 541 2270; x_wconf 74' lang='lat' dir='ltr'>fuerint</span> <span class='ocrx_word' id='word_1_296' title='bbox 566 2231 894 2269; x_wconf 80' lang='lat' dir='ltr'>PAN¹K¹T²D1n</span> <span class='ocrx_word' id='word_1_297' title='bbox 980 2235 1025 2267; x_wconf 85' lang='lat'>24</span> <span class='ocrx_word' id='word_1_298' title='bbox 1051 2237 1167 2267; x_wconf 86' lang='lat' dir='ltr'>senati</span> <span class='ocrx_word' id='word_1_299' title='bbox 1194 2235 1362 2267; x_wconf 88' lang='lat' dir='ltr'>PANlm</span> <span class='ocrx_word' id='word_1_300' title='bbox 1388 2243 1495 2267; x_wconf 85' lang='lat' dir='ltr'>sena-</span> 
     </span>
     <span class='ocr_line' id='line_1_37' title="bbox 152 2281 1500 2324; baseline -0.002 -8"><span class='ocrx_word' id='word_1_301' title='bbox 152 2287 208 2316; x_wconf 78' lang='lat' dir='ltr'>tus</span> <span class='ocrx_word' id='word_1_302' title='bbox 236 2285 314 2316; x_wconf 86' lang='lat' dir='ltr'>rell.</span> <span class='ocrx_word' id='word_1_303' title='bbox 365 2285 589 2324; x_wconf 85' lang='lat' dir='ltr'>neglegisset</span> <span class='ocrx_word' id='word_1_304' title='bbox 609 2284 637 2316; x_wconf 89' lang='lat' dir='ltr'>B</span> <span class='ocrx_word' id='word_1_305' title='bbox 707 2284 751 2315; x_wconf 87' lang='grc'>29</span> <span class='ocrx_word' id='word_1_306' title='bbox 773 2287 938 2316; x_wconf 87' lang='lat' dir='ltr'>metuens</span> <span class='ocrx_word' id='word_1_307' title='bbox 960 2283 1119 2321; x_wconf 84' lang='lat' dir='ltr'>pericula</span> <span class='ocrx_word' id='word_1_308' title='bbox 1139 2283 1244 2315; x_wconf 68' lang='lat' dir='ltr'>Artis.</span> <span class='ocrx_word' id='word_1_309' title='bbox 1264 2291 1420 2322; x_wconf 74' lang='lat' dir='ltr'>yrctmm.</span> <span class='ocrx_word' id='word_1_310' title='bbox 1441 2281 1500 2313; x_wconf 82' lang='lat' dir='ltr'>VII</span> 
     </span>
     <span class='ocr_line' id='line_1_38' title="bbox 149 2335 253 2371; baseline 0 -8"><span class='ocrx_word' id='word_1_311' title='bbox 149 2335 222 2371; x_wconf 69' lang='lat'>493,</span> <span class='ocrx_word' id='word_1_312' title='bbox 238 2336 253 2363; x_wconf 93' lang='grc' dir='ltr'><em>ι</em></span> 
     </span>
    </p>
   </div>
  </div>
 </body>
</html>
