1593 2496
70 65 126 105 68
438 59 477 96 C.
499 59 808 97 SALLus‘rius
836 61 993 97 cmspi

73 172 312 221 peritatem,
345 173 447 212 item
475 172 732 212 solitudines
759 174 902 212 minus
929 173 1198 222 frequentata
1223 178 1333 219 sunt,
1364 173 1422 214 de

71 232 123 270 iis
145 231 263 270 haud
285 231 410 271 facile
426 236 694 281 compertum
710 232 982 272 narraverim.
1014 236 1156 272 cetera
1170 243 1301 283 quam
1318 244 1422 282 pau·

73 290 272 330 cissumis
299 290 540 330 absolvam.

25 351 45 383 3
132 349 176 388 In
205 349 424 390 divisione
450 350 565 390 orbis
591 355 727 390 terrae
756 350 950 399 plerique
969 351 1012 389 in
1034 356 1154 400 parte
1174 352 1295 390 tertia
1314 350 1422 391 Afri-

72 419 166 448 cam
204 420 402 458 posuere,
439 410 564 458 pauci
603 409 908 450 tantummodo
943 409 1094 449 Asiam
1131 414 1172 450 et
1204 410 1420 459 Europam
1445 417 1464 444 5

24 471 45 501 4
74 479 182 514 esse,
204 468 281 507 sed
302 467 489 507 Africam
512 469 554 507 in
571 467 752 518 Europa.
781 479 832 508 ea
853 469 950 508 finis
971 469 1103 509 habet
1124 469 1179 509 ab
1195 469 1421 509 occidente

72 527 225 566 fretum
260 528 393 566 nostri
427 528 556 566 maris
590 531 631 566 et
659 526 836 574 Oceani,
870 528 924 567 ab
953 533 1045 568 ortu
1074 528 1179 568 solis
1206 528 1420 568 declivem

72 586 356 632 latitudinem,
390 597 520 636 quem
554 586 698 626 locum
727 586 1046 627 Catabathmon
1078 587 1247 627 incolae
1273 587 1422 636 appel-

26 648 46 678 5
74 645 173 685 lant.
213 656 332 684 mare
359 656 553 691 saevom,
583 647 904 695 inportuosum;
936 657 1039 696 ager
1065 646 1234 696 frugum
1262 646 1421 694 fertilis,

72 704 215 744 bonus
237 705 393 754 pecori,
420 705 560 745 arbori
581 705 858 751 infecundus:
879 705 1001 745 caelo
1023 710 1220 756 terraque
1241 707 1421 755 penuria
1441 713 1476 741 10

24 770 44 803 6
73 774 297 813 aquarum.
335 775 475 814 genus
496 764 724 804 hominum
746 764 906 804 salubri
928 775 1121 814 corpore,
1145 765 1287 812 veIOX‚
1315 766 1421 814 pati-

73 834 149 862 ens
171 822 387 869 laborum;
413 819 521 873 (ac)
542 823 775 873 plerosque
796 828 996 864 senectus
1018 824 1228 871 dissolvit,
1248 825 1331 863 nisi
1345 825 1419 874 qui

72 882 181 922 ferro
197 886 271 922 aut
286 882 436 922 bestiis
451 883 660 929 interiere,
680 894 782 922 nam
798 883 975 923 morbus
990 883 1108 923 haud
1124 894 1257 933 saepe
1271 894 1420 933 quem-

72 952 203 991 quam
237 947 428 990 superat3
474 942 528 981 ad
562 942 646 982 hoc
678 942 863 982 malefici
896 944 1067 992 generis
1100 943 1300 992 pluruma
1331 943 1421 982 ani-

26 1009 43 1039 7
72 1000 214 1040 malia.
251 1001 328 1040 sed
362 1002 436 1050 qui
468 1001 672 1041 mortales
706 1002 827 1042 initio
859 1001 1046 1041 Africam
1075 1002 1303 1041 habuerint
1329 1003 1420 1052 qui·
1442 1009 1475 1036 15

73 1071 158 1109 que
185 1064 339 1109 postea
363 1060 629 1100 adcesserint
655 1065 728 1100 aut
755 1072 843 1111 quo
870 1061 1004 1101 modo
1025 1062 1133 1101 inter
1153 1073 1201 1101 se
1222 1062 1419 1110 permixti

72 1120 168 1165 sint,
189 1129 457 1169 quamquam
479 1119 534 1159 ab
556 1131 607 1159 ea
629 1120 755 1166 fama,
777 1131 891 1169 quae
912 1119 1143 1170 plerosque
1162 1121 1338 1166 obtinet,
1359 1120 1420 1159 di-

70 1190 248 1218 vorsum
271 1183 348 1224 est,
368 1183 527 1225 tamen,
548 1180 607 1218 uti
630 1190 681 1219 ex
704 1179 820 1218 libris
842 1179 1025 1226 Punicis,
1047 1181 1119 1229 qui
1141 1181 1252 1229 regis
1274 1179 1420 1219 Hiem-

73 1237 206 1286 psalis
222 1238 487 1284 dicebantur,
504 1239 827 1287 interpretatum
844 1238 970 1278 nobis
986 1243 1051 1278 est
1060 1240 1208 1288 utique
1223 1250 1311 1278 rem
1321 1250 1419 1279 sese

72 1297 233 1336 habere
267 1292 452 1337 cultores
486 1298 578 1337 eius
600 1302 736 1337 terrae
769 1302 932 1347 putant,
965 1309 1096 1347 quam
1130 1299 1418 1347 paucissumis
1438 1304 1474 1331 20

72 1356 226 1396 dicam.
266 1361 456 1396 ceterum
484 1357 594 1396 fides
622 1357 714 1396 eius
742 1358 799 1396 rei
828 1368 963 1406 penes
990 1363 1188 1397 auctores
1216 1357 1302 1397 erit.

11 1414 62 1452 18
129 1414 316 1454 Africam
350 1417 471 1456 initio
505 1416 696 1456 habuere
724 1415 894 1456 Gaetuli
923 1421 964 1456 et
990 1416 1158 1467 Libyes,
1191 1417 1330 1466 asperi
1358 1417 1419 1455 in-

71 1474 273 1524 cultique,
306 1475 403 1524 quis
430 1475 551 1514 cibus
579 1480 668 1515 erat
694 1486 792 1515 caro
820 1476 954 1515 ferina
979 1480 1111 1525 atque
1137 1476 1255 1515 humi
1284 1475 1419 1525 pabu-

24 1541 43 1571 2
70 1533 159 1573 lum
195 1535 255 1573 uti
290 1534 531 1583 pecoribus.
576 1535 603 1574 ii
637 1546 782 1584 neque
814 1535 1007 1574 moribus
1040 1546 1183 1585 neque
1216 1535 1313 1584 lege
1344 1539 1419 1574 aut

70 1594 251 1642 imperio
273 1594 567 1643 quoiusquam
583 1594 857 1643 regebantur:
878 1595 978 1643 vagi
995 1594 1191 1643 palantes
1207 1606 1315 1644 quas
1330 1605 1418 1634 nox
1436 1601 1473 1628 25

23 1660 43 1690 3
70 1657 272 1702 coegerat
307 1652 434 1692 sedes
471 1653 702 1693 habebant.
748 1653 824 1692 sed
861 1658 1094 1703 postquam
1131 1654 1173 1692 in
1207 1653 1417 1702 Hispania

70 1711 289 1757 Hercules,
316 1713 440 1751 sicuti
460 1711 548 1751 Afri
571 1717 734 1761 putant,
761 1713 928 1758 interiit,
955 1713 1166 1752 exercitus
1187 1713 1291 1757 eius,
1316 1723 1417 1752 con-

130 1839 145 1870 1
176 1840 221 1871 de
248 1840 310 1872 iis.
327 1841 585 1872 ..narraverim
610 1841 723 1873 Prisc.
744 1841 965 1880 yramm.lll
983 1844 1084 1879 67,23
1139 1841 1185 1873 de
1211 1839 1268 1879 iis]
1296 1843 1417 1872 cetera

68 1887 183 1919 Prisc.
234 1887 254 1918 2
275 1890 462 1926 comperta
481 1889 594 1920 Prisc.
669 1888 690 1919 9
713 1897 809 1919 mare
830 1912 838 1920 .
853 1912 860 1920 .
876 1912 884 1920 .
906 1885 982 1927 (14)
1004 1887 1177 1919 animalia
1197 1888 1358 1920 *Fronto
1376 1897 1415 1928 ρ.

69 1937 130 1966 109
154 1934 190 1965 Ν
213 1932 372 1973 (Hauler
394 1944 433 1975 p.
454 1939 513 1966 162
539 1938 575 1967 et
595 1934 670 1974 166)
745 1944 842 1967 mare
868 1944 966 1968 saeV.
987 1936 1063 1975 inp.
1083 1935 1181 1967 Serv.
1203 1935 1290 1967 Aen.
1312 1939 1341 1973 1,
1355 1938 1419 1966 616

127 1990 214 2021 ager
245 1981 335 2020 frug.
356 1981 432 2014 fert.
452 1983 560 2015 Aras.
579 1992 736 2022 yramm.
756 1983 813 2015 Vll
829 1986 901 2021 473,
915 1985 957 2014 20
1055 1982 1098 2014 10
1130 1983 1204 2015 arb.
1225 1982 1287 2014 inf.
1307 1983 1415 2015 Aras.

67 2038 224 2068 yramm.
244 2029 384 2067 1111473,
401 2033 440 2062 18
513 2031 640 2062 arbore
660 2030 766 2063 Aras.
818 2030 920 2062 caelo
943 2055 950 2062 .
966 2054 973 2061 .
990 2054 997 2061 .
1018 2038 1192 2068 aquarum
1213 2029 1313 2062 Seru.
1327 2030 1415 2062 Aen.
1433 2025 1435 2029 '

68 2080 97 2115 1,
110 2080 152 2108 22
233 2075 275 2107 12
303 2085 346 2108 ac
371 2077 510 2109 Fronto
532 2087 602 2109 om.
623 2079 731 2109 codd.
809 2077 850 2110 13
877 2074 1112 2116 quemquam]
1141 2085 1249 2116 quem
1275 2077 1415 2109 Fronto

129 2123 171 2155 17
207 2124 279 2155 sint
311 2123 444 2155 strn
476 2128 561 2156 sunt
587 2124 675 2156 XNl
777 2124 818 2156 19
845 2125 971 2163 utique
991 2147 999 2156 .
1015 2147 1047 2156 ..
1068 2124 1204 2156 habere
1233 2124 1304 2156 Ult.
1324 2124 1414 2164 Syll.

66 2180 223 2209 qramm.
244 2171 291 2202 IV
302 2174 375 2209 248,
390 2175 430 2203 13
492 2171 531 2203 21
557 2180 673 2211 penes
693 2174 860 2204 auctores
880 2171 974 2203 fides
994 2172 1059 2203 erit
1073 2171 1176 2203 *Sem
1193 2173 1295 2204 natA
1317 2167 1341 2210 ¹¹,
1354 2174 1412 2209 3,1

127 2217 172 2249 26
198 2221 393 2257 postquam
420 2218 595 2251 Hercules
627 2220 664 2251 in
692 2218 823 2255 Africa,
856 2219 949 2250 sicut
975 2222 1112 2257 putant,
1140 2219 1283 2254 interiit,
1310 2226 1412 2250 exer-

67 2266 159 2297 citus
179 2266 258 2297 eius
277 2266 386 2297 variis
405 2267 577 2305 gentibus
597 2267 795 2305 permixtus
809 2269 863 2298 est
875 2264 996 2298 Schol.
1008 2265 1104 2298 Stat.
1119 2269 1147 2305 6,
1161 2269 1224 2298 512
1272 2264 1317 2297 26
1331 2274 1412 2305 sqq.

66 2313 111 2352 cs.
132 2312 218 2345 lsid.
233 2313 328 2352 oriy.
347 2316 378 2353 9,
392 2317 422 2352 2,
435 2316 494 2345 120
506 2322 562 2353 sq.
