1593 2496
46 724 79 751 10

45 1021 78 1046 15

385 73 658 110 CATlLtNAE
686 72 1002 110 εοΝιυΗΑΤΙο
1027 77 1163 109 10—13
1399 81 1446 119 11

100 188 189 237 puli
223 187 406 228 Romani
439 197 585 226 amare
619 191 778 235 potare,
812 187 937 236 signa
970 186 1141 225 tabulas
1175 187 1311 235 pictas
1344 197 1453 226 vasa

101 247 266 287 caelata
301 247 454 292 mirari,
488 257 540 285 ea
573 246 771 295 privatim
806 251 847 285 et
874 245 1047 294 publice
1074 256 1235 295 rapere,
1271 245 1453 286 delubra

99 306 299 356 spoliare,
326 316 446 345 sacra
475 305 743 354 profanaque
765 306 912 344 omnia
934 304 1138 354 polluere.
1179 305 1305 354 igitur
1326 305 1352 344 ii
1374 307 1451 345 mi·
1478 315 1498 347 7

99 366 205 411 liteS,
228 370 459 415 postquam
480 365 703 404 victoriam
726 364 872 413 adepti
895 369 1005 410 sunt,
1026 364 1132 403 nihil
1154 364 1305 414 reliqui
1326 365 1451 404 victis

100 426 250 465 fecere.
279 425 443 474 quippe
464 424 684 463 secundae
706 434 771 463 res
787 424 1049 473 sapientium
1065 424 1237 463 animos
1252 423 1449 474 fatigant:
1477 432 1498 466 8

99 496 154 524 ne
183 484 240 523 illi
269 484 478 533 corruptis
507 483 701 522 moribus
728 484 934 523 victoriae
962 488 1262 532 temperarent.

158 543 394 593 Postquam
422 543 598 582 divitiae
625 542 779 582 honori
808 553 906 582 esse
933 553 1117 591 coepere
1144 547 1186 582 et
1213 553 1287 582 eas
1314 542 1518 592 gloria12

100 603 327 652 imperium
363 603 556 651 potentia
591 601 865 651 sequebatur,
899 602 1135 641 hebescere
1167 603 1314 648 virtus,
1347 613 1453 652 pau-

100 666 240 712 pertas
269 662 424 711 probro
453 661 613 707 haberi,
643 662 890 701 innocentia
918 672 994 710 pro
1022 661 1332 701 malevolentia
1352 661 1452 701 duci

100 723 254 771 coepit.
294 722 420 771 igitur
447 732 498 760 ex
526 721 687 760 divitiis
715 721 983 760 iuventutern
1011 720 1178 760 luxuria
1198 725 1331 770 atque
1351 732 1452 760 ava-
1478 724 1500 756 2

100 781 192 820 ritia
211 792 308 820 cum
325 780 528 829 superbia
544 781 759 819 invasere:
781 791 931 829 rapere
947 791 1215 826 consumere,
1237 791 1317 819 sua
1331 782 1451 830 parvi

101 841 292 889 pendere
337 839 479 879 aliena
526 851 695 889 cupere,
741 839 954 888 pudorem
994 839 1260 889 pudicitiam,
1304 839 1453 879 divina

99 905 230 949 atque
263 899 456 938 humana
489 900 748 948 promiscua,
783 898 887 938 nihil
916 900 1040 948 pensi
1067 910 1213 949 neque
1239 899 1452 939 moderati

100 958 271 999 habere.
311 969 470 1008 operae
498 958 681 1007 pretium
711 963 785 1004 est,
819 969 953 1008 quom
982 958 1141 998 domos
1168 964 1299 1008 atque
1324 958 1452 998 villas
1479 962 1501 995 3

99 1019 358 1068 cognoveris
411 1019 452 1056 in
499 1018 668 1057 urbium
715 1017 895 1057 modurn
943 1017 1262 1064 exaedificatas,
1312 1019 1453 1058 visere

98 1077 260 1127 templa
282 1077 475 1122 deorum,
498 1088 610 1126 quae
633 1077 766 1116 nostri
789 1077 975 1116 maiores
997 1077 1327 1128 religiosissumi
1342 1089 1453 1118 mor-

98 1137 206 1177 tales
233 1137 384 1176 fecere.
423 1147 574 1176 verum
602 1136 661 1175 illi
689 1136 869 1176 delubra
891 1135 1072 1176 deorum
1095 1138 1266 1186 pietate,
1294 1136 1452 1177 domos
1479 1141 1501 1173 4

99 1207 201 1235 suas
229 1196 367 1246 gloria
395 1196 673 1241 decorabant,
700 1207 845 1245 neque
871 1197 994 1235 victis
1022 1197 1257 1246 quicquam
1286 1201 1453 1245 praeter

100 1256 279 1295 iniuriae
307 1256 524 1294 licentiam
553 1255 804 1304 eripiebant.
844 1259 885 1294 at
912 1255 955 1294 hi
977 1261 1136 1302 contra,
1163 1257 1450 1306 ignavissumi
1479 1259 1500 1292 5

99 1315 313 1361 homines,
341 1326 415 1364 per
442 1326 662 1354 summum
691 1314 832 1354 scelus
855 1316 1002 1354 omnia
1024 1326 1075 1354 ea
1097 1316 1226 1355 sociis
1248 1315 1452 1361 adimere,

99 1385 212 1423 quae
239 1374 474 1414 fortissumi
501 1374 578 1413 viri
606 1374 791 1413 victores
817 1373 1094 1423 reliquerant:
1122 1374 1306 1424 proinde
1327 1376 1453 1424 quasi

100 1434 296 1472 iniuriam
326 1433 465 1472 facere
493 1433 534 1472 id
563 1433 740 1472 demum
768 1437 882 1472 esset
906 1434 1088 1483 imperio
1110 1434 1182 1474 uti.
1221 1445 1321 1473 narn
1344 1434 1449 1484 quid
1466 1434 1518 1475 13

99 1504 151 1532 ea
177 1503 429 1538 memorem,
457 1503 570 1542 quae
597 1493 679 1531 nisi
707 1493 758 1531 iis
780 1493 853 1541 qui
875 1492 1023 1533 videre
1043 1494 1206 1533 nemini
1228 1493 1451 1534 credibilia

98 1557 208 1597 sunt,
243 1563 267 1591 a
300 1552 476 1600 privatis
511 1551 805 1600 compluribus
839 1551 1077 1592 subvorsos
1110 1553 1283 1599 montis,
1316 1554 1452 1593 maria

163 1764 176 1795 1
208 1761 328 1803 signa]
351 1767 489 1795 statuas
510 1774 538 1796 s.
553 1773 582 1796 s.
597 1764 708 1797 XNK
784 1765 803 1796 2
826 1773 869 1797 ea
885 1790 892 1796 .
909 1790 916 1797 .
933 1790 940 1796 .
956 1773 1084 1804 rapere
1102 1765 1218 1797 PriSc.
1232 1774 1390 1805 yramm.
1405 1764 1456 1796 III

99 1815 148 1849 69,
163 1815 182 1843 5
250 1811 270 1842 4
301 1815 497 1850 postquam
515 1836 522 1844 .
539 1837 546 1843 .
560 1837 567 1843 .
583 1812 702 1844 fecere
722 1812 837 1844 Pr1'sc.
857 1821 1016 1851 yramm.
1031 1812 1216 1851 111341,26
1276 1812 1297 1843 5
1312 1812 1453 1851 quippe

101 1867 174 1891 sec.
196 1867 251 1890 res
287 1858 460 1891 ἕξδ’(ιοεψᾰ.
480 1868 638 1899 yramm.
658 1859 699 1891 Vl
715 1863 787 1898 446,
800 1864 838 1893 10
903 1861 1042 1898 quippe
1057 1884 1065 1891 .
1081 1884 1088 1892 .
1105 1859 1280 1899 ,fatigant
1300 1860 1345 1899 cf.
1359 1859 1453 1900 Aug.

101 1907 167 1938 civ.
191 1910 239 1944 17,
254 1909 296 1937 20
395 1907 533 1945 quippe
553 1932 559 1938 .
576 1932 582 1938 .
601 1933 607 1938 .
630 1910 873 1946 temperarent
905 1906 1077 1939 *δας-θνα.
1105 1916 1263 1947 yramm.
1283 1906 1325 1939 Vl
1347 1909 1455 1945 469,8

101 1954 215 1985 Prisc.
235 1962 393 1992 yramm.
409 1953 458 1985 III
475 1957 526 1992 99,
541 1958 582 1985 28
655 1954 676 1985 6
706 1963 752 1986 ne
768 1979 775 1986 .
791 1980 798 1986 .
814 1980 821 1987 .
836 1958 1081 1993 temperarent
1106 1954 1220 1986 Prisc.
1234 1963 1392 1994 yramm.
1405 1953 1457 1986 III

100 2004 204 2039 503‚9
294 1998 355 2039 ne]
395 2001 528 2033 nedum
563 1997 898 2034 A³C²B2HT²s²n
932 2002 1047 2034 Prisc.
1073 2011 1230 2041 yramm.
1257 2005 1360 2040 503,9
1386 2001 1452 2034 ob-

101 2051 344 2087 temperarent
376 2043 578 2080 B²N²K²Y
676 2048 697 2080 8
728 2049 978 2089 sequebantur
1008 2048 1065 2080 Fn
1095 2049 1261 2089 sortasse
1286 2051 1394 2081 recte.
1421 2058 1453 2081 υ.

101 2095 167 2135 Ay.
189 2098 248 2127 168
323 2095 365 2128 13
387 2098 496 2135 atque
524 2097 620 2129 mod.
641 2096 796 2128 MTDm
822 2096 988 2136 nihilque
1008 2097 1106 2129 mod.
1120 2095 1190 2129 Ac
1209 2105 1332 2136 neque
1352 2097 1453 2135 quic-

102 2151 211 2182 quam
236 2142 333 2174 mod.
354 2151 377 2173 n
446 2143 487 2174 14
509 2152 619 2182 quom
634 2168 641 2176 .
657 2168 665 2176 .
682 2168 689 2175 .
705 2143 966 2177 exaedificatas
987 2143 1101 2176 Prisc.
1115 2153 1273 2184 yramm.
1286 2143 1337 2176 ΙΙΙ
1353 2146 1454 2182 370,3

160 2190 202 2221 15
230 2189 462 2229 cognoveris]
484 2191 612 2223 videas
631 2192 746 2223 Prisc.
836 2191 878 2223 17
900 2200 1022 2224 verum
1039 2216 1046 2223 .
1062 2216 1070 2223 .
1086 2215 1094 2223 .
1109 2191 1333 2224 decorabant
1352 2190 1453 2224 Serv.

103 2237 193 2270 Aen.
218 2242 246 2276 1,
261 2240 325 2269 378
393 2236 557 2276 deorum]
586 2239 694 2271 deum
721 2238 821 2271 Serv.
870 2239 1024 2271 domos.
1040 2263 1048 2270 .
1064 2264 1072 2271 .
1088 2239 1312 2271 decorabant
1337 2238 1453 2271 Prisc.

99 2294 255 2323 yramm.
276 2284 309 2316 ΙΙ
332 2288 403 2323 310,
420 2290 435 2317 1
512 2285 552 2317 21
577 2286 729 2325 perinde
749 2281 932 2318 P²N²KD
1023 2285 1069 2318 24
1090 2295 1111 2317 a
1132 2286 1325 2325 privatis..
1341 2311 1349 2318 .
1364 2294 1454 2318 con-

101 2335 210 2363 strata
230 2340 311 2363 esse
332 2331 468 2364 Adnot.
488 2342 571 2373 sup.
596 2333 730 2365 Lucan.
758 2337 789 2372 2,
805 2337 874 2366 677.
906 2337 934 2372 6,
949 2337 991 2365 56

1192 2390 1231 2411 221<
