1593 2496
431 358 486 410 C.
507 358 835 411 SALLUSTI
875 357 1088 411 CRISPI

265 467 593 530 BELLUM
638 466 1227 530 IUGURTHINUM

149 574 274 614 Falso
302 576 490 624 queritur
517 574 571 613 de
599 579 750 613 natura
776 585 856 613 sua
877 585 1016 624 genus
1038 575 1291 622 humanum,
1319 576 1436 625 quod
1466 577 1480 615 1

90 634 290 675 inbecilla
325 638 456 683 atque
491 634 588 673 aevi
622 634 765 673 brevis
797 633 905 674 forte
939 635 1084 683 potius
1118 645 1250 684 quam
1284 636 1439 675 virtute

51 700 70 727 5
90 698 270 743 regatur.
296 704 397 732 nam
418 697 567 733 contra
587 693 830 742 reputando
846 704 990 743 neque
1005 695 1145 733 maius
1160 694 1278 733 aliud
1295 705 1439 744 neque
1467 700 1486 730 2

88 751 390 802 praestabilius
439 753 636 792 invenias
685 753 915 802 magisque
960 757 1138 792 naturae
1184 753 1438 793 industriam

89 812 315 852 hominum
342 822 474 861 quam
495 812 583 850 vim
605 816 679 850 aut
699 816 871 860 tempus
893 812 1060 852 deesse.
1100 812 1176 852 sed
1199 813 1286 852 dux
1308 818 1439 863 atque
1466 819 1486 849 3

88 873 320 921 imperator
344 872 460 910 vitae
487 871 732 911 mortalium
760 872 932 910 animus
960 876 1035 911 est.
1076 873 1148 921 qui
1176 872 1250 912 ubi
1272 873 1327 911 ad
1349 873 1440 922 glo-

89 931 194 970 riam
216 931 382 969 virtutis
403 931 475 969 via
495 934 724 980 grassatur,
745 930 921 970 abunde
943 931 1113 979 pollens
1135 937 1381 981 potensque
1401 938 1440 971 et

36 996 70 1023 ¹⁰
90 990 229 1029 clarus
257 993 322 1029 est
348 1000 491 1038 neque
518 989 688 1029 fortuna
712 994 821 1039 eget,
848 991 1012 1039 quippe
1033 1001 1147 1039 quae
1169 991 1440 1039 probitatem,

88 1049 345 1088 industriam'
375 1048 571 1098 aliasque
598 1049 699 1088 artis
726 1049 866 1088 bonas
893 1060 1037 1098 neque
1064 1050 1166 1089 dare
1194 1062 1338 1100 neque
1365 1052 1441 1090 eri-

89 1119 191 1157 pere
212 1109 451 1158 quoiquam
473 1112 626 1157 potest.
661 1109 727 1147 sin
749 1113 900 1157 captus
922 1110 1066 1158 pravis
1089 1109 1365 1158 cupidinibus
1386 1111 1440 1149 ad
1469 1116 1489 1146 4

89 1168 286 1207 inertiam
308 1171 349 1207 et
368 1167 617 1216 voluptates
640 1168 830 1216 corporis
854 1179 1029 1217 pessum
1053 1169 1180 1207 datus
1202 1174 1276 1214 est,
1305 1171 1442 1218 perni-

90 1227 210 1267 ciosa
238 1226 432 1266 lubidine
460 1226 680 1276 paulisper
706 1238 823 1272 usus,
854 1227 927 1266 ubi
955 1238 1031 1276 per
1057 1229 1302 1268 socordiam
1330 1229 1442 1268 vires

38 1292 72 1320 15
91 1291 263 1335 tempus
278 1286 503 1336 ingenium
519 1285 754 1331 diffluxere.
771 1291 949 1325 naturae
964 1286 1189 1326 infirmitas
1201 1293 1442 1327 accusatur:

91 1356 215 1384 suam
250 1345 436 1394 quisque
462 1344 637 1394 culpam
664 1350 863 1385 auctores
890 1345 945 1384 ad
973 1347 1149 1395 negotia
1174 1347 1442 1387 transferunt.

92 1404 210 1454 quod
248 1405 282 1443 si
319 1404 570 1443 hominibus
607 1404 819 1444 bonarum
856 1416 994 1444 rerum
1032 1410 1150 1444 tanta
1184 1417 1283 1445 cura
1318 1413 1442 1452 esset,
1471 1413 1490 1442 5

92 1468 255 1512 quanto
284 1463 428 1503 studio
456 1463 599 1502 aliena
625 1474 675 1502 ac
696 1464 801 1502 nihil
824 1464 1043 1512 profutura
1067 1465 1291 1515 multaque
1313 1467 1441 1505 etiam

93 1522 336 1572 periculosa
377 1517 456 1571 <ac
495 1519 766 1571 perniciosa>
805 1527 967 1572 petunt,
1013 1535 1157 1573 neque
1195 1530 1444 1574 regerentur

35 1587 72 1614 20
94 1582 231 1630 magis
265 1592 395 1631 quam
429 1586 625 1631 regerent
652 1593 779 1621 casus
807 1588 847 1621 et
875 1593 927 1622 eo
956 1584 1268 1632 magnitudinis
1297 1596 1444 1633 proce-

152 1680 172 1712 3
199 1681 290 1712 falso
317 1682 476 1720 queritur
501 1680 677 1713 *SacercL
697 1691 854 1721 ιφναιηηι.
874 1655 916 1714 if!
932 1686 1004 1721 442,
1018 1686 1059 1714 29
1114 1683 1206 1715 falso
1230 1708 1236 1714 .
1259 1708 1267 1714 .
1290 1708 1297 1715 .
1319 1687 1444 1714 natura

93 1728 190 1760 *Um
218 1727 307 1768 Syll.
332 1736 490 1767 yramm.
517 1728 565 1760 IV
580 1732 653 1767 249,
669 1733 683 1760 1
766 1729 857 1761 falso
881 1754 908 1761 ..
925 1754 933 1761 .
953 1738 1019 1761 sua
1053 1730 1179 1769 Quint.
1207 1732 1294 1762 inst.
1314 1734 1343 1768 9,
1361 1735 1390 1769 4,
1408 1735 1446 1762 77

153 1775 244 1806 falso
267 1799 274 1807 .
291 1800 298 1806 .
315 1799 322 1807 .
342 1776 543 1806 humanum
570 1776 664 1808 Mar.
690 1776 860 1808 Vlctorin.
881 1778 1173 1817 91·amnz.l'lz26‚
1189 1782 1231 1809 22
1250 1778 1345 1809 Don.
1366 1778 1442 1810 Ter.

93 1823 206 1854 Andr.
238 1826 268 1860 3,
282 1826 312 1861 2,
326 1826 367 1854 25
406 1822 517 1855 Char.
543 1833 700 1863 yramm.
728 1824 744 1855 I
776 1828 844 1862 199,
859 1828 899 1856 24
928 1824 1026 1856 Serv.
1054 1825 1140 1856 Aen.
1169 1829 1285 1863 4,415.
1320 1829 1368 1864 11,
1383 1829 1441 1856 581

94 1870 186 1909 Any.
213 1871 291 1901 nat.
320 1872 356 1902 et
381 1872 481 1909 yrat.
510 1874 569 1907 1,1
606 1870 756 1903 Cleslon.
776 1881 933 1911 gramm.
954 1872 980 1903 V
997 1876 1078 1910 64,4
1097 1872 1225 1912 Pomp.
1245 1882 1402 1912 yramm.
1423 1873 1449 1904 V

94 1921 166 1954 251,
185 1921 203 1948 7
220 1917 310 1956 Any.
331 1926 488 1956 qramm.
507 1918 534 1949 V
550 1922 621 1956 519,
638 1922 672 1949 11
754 1918 775 1950 8
802 1920 864 1959 qui
887 1944 894 1951 .
910 1944 917 1951 .
934 1945 941 1951 .
962 1922 1144 1958 grassatur
1169 1920 1262 1952 Non.
1282 1930 1319 1960 ρ.
1339 1924 1411 1957 316,
1425 1924 1445 1950 9

157 1964 199 1995 10
232 1972 353 2003 neque
374 1987 382 1995 .
397 1988 405 1996 .
421 1988 429 1996 .
450 1967 571 2003 potest
606 1965 701 1997 Don.
726 1966 803 1998 Ter.
823 1967 915 1998 Ειιη.
935 1970 993 1998 241
1070 1968 1208 2006 quippe
1235 1977 1330 2007 quae
1357 1963 1444 1999 NK¹

94 2006 306 2043 H²MDnm
333 2011 429 2043 Don.
450 2013 588 2051 quippe
609 2014 673 2057 qui
688 2012 720 2044 A
741 2015 879 2053 quippe
901 2016 979 2046 rell.
995 2015 1103 2046 codd.
1153 2016 1369 2053 probitatem
1387 2040 1394 2047 .
1412 2039 1418 2046 .
1436 2040 1442 2046 .

96 2064 213 2095 bonas
240 2063 412 2096 *δῆσεν-ά.
431 2074 589 2104 yramm.
608 2065 649 2097 Vl
666 2069 737 2104 470,
754 2070 791 2098 14
866 2067 1081 2106 probitatem
1104 2093 1110 2099 .
1128 2092 1135 2100 .
1151 2092 1158 2099 .
1182 2071 1302 2106 potest
1322 2068 1444 2100 Schol.

96 2110 193 2143 Stat.
207 2111 353 2150 leeb.4,
363 2115 422 2144 150
469 2112 508 2144 11
526 2111 704 2152 aliasque]
721 2117 934 2153 ceterasque
949 2114 1098 2146 Sacer-d.
1143 2116 1260 2147 bonas
1269 2115 1444 2147 om.Don.

155 2159 294 2197 eripere
314 2157 528 2198 quoiquam]
550 2161 716 2199 accipere
738 2162 931 2200 quisquam
955 2161 1077 2194 Schol.
1098 2162 1195 2194 Stat.
1248 2162 1290 2193 12
1310 2163 1366 2193 sin
1388 2186 1396 2194 .
1413 2186 1420 2194 .
1436 2186 1444 2193 .

97 2205 331 2244 cupidinibus
356 2205 452 2238 Don.
476 2207 554 2239 Ter.
573 2207 665 2239 Eun.
688 2211 725 2239 74
814 2208 856 2240 16
883 2209 1040 2248 quisque
1066 2205 1282 2241 A¹MD¹m¹
1308 2211 1444 2249 quique

98 2253 175 2284 rell.
225 2256 391 2285 auctores
417 2249 560 2286 BH¹T¹
586 2258 726 2287 actores
748 2257 825 2287 rell.
901 2256 943 2287 18
963 2257 1084 2288 studio
1107 2282 1113 2288 .
1131 2282 1137 2289 .
1154 2282 1161 2289 .
1183 2260 1311 2296 petunt
1331 2257 1445 2297 May.

98 2300 205 2339 epist.
228 2304 296 2338 153,
310 2304 351 2331 22
450 2300 492 2332 19
519 2310 561 2333 ac
588 2302 794 2340 perniciosa
818 2303 921 2342 Any„
943 2313 1013 2335 om.
1035 2305 1152 2342 codd„
1174 2314 1205 2335 υ.
1226 2304 1291 2343 Aq.
1311 2307 1352 2336 88
1365 2313 1445 2344 sqq.
