1593 2496
383 56 657 94 CATILINAE
684 56 1001 94 CONIURATIO
1029 60 1164 92 58—61
1393 62 1442 100 51

95 181 181 221 que
209 171 328 220 ipsos
355 170 555 219 factaque
582 181 731 210 eorum
754 169 877 209 fortia
898 173 1094 208 noverat:
1123 179 1174 208 ea
1196 179 1446 208 conmemo-

95 229 230 270 rando
258 229 440 269 militum
468 230 639 269 animos
666 228 949 268 accendebat.

153 288 240 329 Sed
284 288 357 328 ubi
403 288 607 329 omnibus
652 288 780 327 rebus
825 287 1059 337 exploratis
1105 286 1296 326 Petreius
1342 286 1511 326 tubassO

95 349 268 399 signum
290 348 374 393 dat,
395 347 584 387 cohortis
606 347 814 396 paulatim
836 346 1037 386 incedere
1059 346 1194 391 iubet;
1216 345 1331 385 idem
1348 345 1446 384 facit

28 419 31 425 ¹
57 416 75 442 5
95 407 284 448 hostium
301 407 523 447 exercitus.
545 411 777 456 postquam
794 417 847 446 eo
861 409 1041 445 ventum
1055 410 1130 451 est,
1144 405 1446 444 undeaferen-
1473 409 1492 440 2

93 467 208 506 tariis
243 466 453 516 proelium
481 466 674 506 conmitti
703 470 862 515 posset,
895 475 1102 505 maxumo
1130 464 1319 504 clamore
1347 475 1445 503 cum

93 525 257 565 infestis
283 526 419 575 signis
448 530 722 570 concurrunt;
750 525 837 574 pila
865 525 1079 569 omittunt,
1106 523 1263 573 gladiis
1286 534 1351 562 res
1373 530 1445 573 ge-

92 585 203 625 ritur.
253 585 444 624 veterani
491 585 696 634 pristinae
732 584 901 623 virtutis
940 594 1157 623 memores
1197 583 1443 622 comminus
1471 587 1492 618 3

82 645 241 684 ‘acriter
276 645 445 690 instare,
481 643 538 682 illi
575 643 692 682 haud
728 643 865 682 timidi
903 644 1122 683 resistunt:
1159 652 1365 681 maxuma
1400 642 1443 680 vi

26 709 73 736 v¹0
93 707 285 743 certatur.
329 704 492 743 interea
519 702 702 743 Catilina
735 714 832 742 cum
869 702 1082 751 expeditis
1116 703 1158 740 in
1187 702 1324 750 prima
1351 701 1444 740 acie
1470 706 1491 736 4

90 763 267 808 vorsari,
305 762 602 802 laborantibus
641 773 898 807 succurrere,
939 763 1129 811 integros
1169 772 1245 810 pro
1285 760 1444 799 sauciis

91 833 320 867 arcessere,
341 823 490 861 omnia
512 822 750 871 providere,
772 821 955 860 multum
972 822 1065 870 ipse
1082 831 1288 870 pugnare,
1310 826 1444 868 saepe

91 881 262 921 hostem
289 881 428 921 ferire:
456 881 616 920 strenui
644 880 790 920 militis
819 885 859 920 et
880 881 984 920 boni
1007 881 1278 929 imperatoris
1300 879 1444 918 officia

90 940 218 979 simul
241 940 546 989 exequebatur.
584 940 774 979 Petreius
795 940 869 979 ubi
890 939 1008 979 videt
1031 938 1272 983 Catilinam,
1294 943 1442 978 contra
1469 942 1488 972 5

38 1007 71 1033 15
92 1010 143 1039 ac
175 1004 290 1039 ratus
321 1004 420 1045 erat,
453 1011 615 1049 magna
640 1000 682 1038 vi
711 999 899 1044 tendere,
933 999 1155 1038 cohortem
1184 999 1442 1048 praetoriam

90 1059 132 1097 in
160 1058 329 1098 medios
350 1058 488 1098 hostis
510 1059 673 1098 inducit
695 1070 861 1108 eosque
883 1058 1154 1108 perturbatos
1178 1062 1309 1107 atque
1330 1057 1443 1096 alios

88 1117 192 1157 alibi
219 1119 455 1158 resistentis
482 1118 690 1158 interficit.
731 1117 892 1157 deinde
918 1118 1135 1167 utrimque
1163 1128 1214 1156 ex
1236 1116 1443 1156 lateribus

88 1182 255 1218 ceteros
293 1177 553 1227 aggreditur.
598 1176 786 1216 Manlius
826 1181 867 1216 et
904 1176 1172 1216 Faesulanus
1215 1177 1257 1215 in
1295 1176 1442 1225 primis
1470 1179 1490 1209 6

92 1241 336 1286 pugnantes
358 1236 528 1276 cadunt.
558 1235 740 1276 Catilina
755 1242 988 1285 postquam
1005 1236 1123 1274 fusas
1140 1236 1290 1285 copias
1306 1246 1442 1284 seque
1470 1239 1489 1269 7

33 1302 70 1329 20
90 1307 188 1335 cum
205 1297 354 1345 paucis
371 1296 563 1335 relictum
580 1296 710 1340 videt,
726 1307 892 1335 mernor
906 1296 1077 1345 generis
1093 1299 1223 1344 atque
1238 1295 1443 1343 pristinae

90 1366 196 1394 suae
229 1355 449 1404 dignitatis
478 1356 519 1393 in
549 1355 903 1395 confertissumos
931 1355 1067 1394 hostis
1096 1355 1268 1393 incurrit
1295 1354 1443 1402 ibique

90 1425 292 1464 pugnans
320 1414 577 1454 confoditur.

150 1472 236 1512 Sed
259 1473 455 1513 confecto
479 1473 655 1522 proelio,
678 1478 766 1512 tum
782 1484 885 1512 vero
903 1483 1110 1517 cerneres,
1133 1476 1295 1521 quanta
1310 1472 1503 1511 auda-61

91 1533 155 1572 cia
189 1538 441 1582 quantaque
473 1533 605 1571 animi
639 1533 705 1571 vis
738 1532 890 1571 fuisset
923 1533 965 1571 in
999 1533 1186 1571 exercitu
1221 1531 1442 1571 Catilinae.

33 1597 70 1625 25
92 1602 194 1630 nam
216 1591 302 1631 fere
324 1603 455 1641 quem
477 1593 662 1641 quisque
681 1592 808 1631 vivos
830 1591 1069 1641 pugnando
1092 1591 1236 1630 locum
1259 1596 1443 1639 ceperat,
1470 1594 1489 1624 2

90 1662 190 1689 eum
218 1652 378 1690 amissa
400 1652 545 1690 anima
566 1662 746 1699 corpore
766 1651 953 1700 tegebat.
994 1652 1120 1699 pauci
1143 1655 1301 1695 autem,
1330 1661 1442 1699 quos
1470 1653 1491 1684 3

90 1710 259 1749 medios
282 1710 436 1749 cohors
459 1711 670 1759 praetoria
691 1710 929 1754 disiecerat,
958 1709 1089 1758 paulo
1112 1709 1339 1754 divorsiuS,
1361 1709 1438 1748 sed

150 1885 169 1916 5
207 1888 400 1924 postquam
429 1910 436 1917 .
460 1910 466 1916 .
491 1910 497 1916 .
527 1888 652 1924 posset
684 1885 778 1917 Non.
797 1895 835 1925 ρ.
866 1888 990 1922 554,26
1087 1894 1107 1916 a
1139 1895 1196 1916 om
1232 1884 1262 1916 X
1295 1894 1324 1917 s.
1346 1895 1374 1916 s.
1396 1884 1442 1916 ΑΙ

146 1932 168 1963 6
195 1933 310 1971 possit
335 1928 477 1964 P²AC¹
552 1932 571 1964 7
598 1930 743 1971 geritur]
772 1934 890 1971 agitur
910 1931 1147 1971 Y(-NH)nm
1224 1932 1267 1964 19
1288 1931 1444 1964 Catilina

88 1988 203 2020 snper
216 1981 343 2019 copias
358 1981 414 2012 vel
427 1980 527 2012 videt
541 1989 611 2012 scr.
624 1980 673 2011 al.
683 1989 729 2012 m.
740 1980 773 2011 A
783 1980 847 2012 CB
858 1980 927 2011 NK
938 1988 996 2011 sm
1012 1981 1171 2011 om.rell.
1222 1979 1265 2011 25
1278 1989 1387 2019 quem
1399 2004 1406 2011 .
1418 2005 1424 2011 .
1435 2004 1442 2010 .

89 2027 239 2066 tegebat
278 2026 480 2059 Commeat.
509 2027 644 2059 Lucan.
671 2031 700 2063 6,
717 2030 776 2058 132
808 2028 943 2059 Adnot.
972 2036 1054 2066 sup.
1082 2027 1217 2059 Lucan.
1246 2031 1274 2066 6,
1291 2030 1361 2065 132,
1397 2028 1442 2066 cf.

90 2074 188 2106 Flor.
215 2075 302 2113 epit.
337 2078 366 2112 2,
390 2078 439 2112 12,
462 2078 500 2105 12
538 2072 662 2113 (quem
700 2075 781 2113 quis
814 2075 851 2105 in
887 2074 1088 2113 pugnando
1122 2077 1269 2113 ceperat
1305 2072 1442 2112 locum)

92 2121 294 2161 pugnando
320 2121 440 2153 locum
466 2122 570 2153 vivus
597 2121 702 2153 MTF
730 2121 798 2153 loc.
818 2123 889 2153 viv.
911 2130 1023 2160 pugn.
1046 2122 1180 2153 Adnot.
1202 2131 1284 2162 sup.
1306 2122 1441 2153 Lucan.

89 2169 196 2200 vivos
209 2177 280 2200 om.
297 2167 498 2201 Comment.
513 2169 647 2200 Lucan.
663 2169 707 2208 ef.
722 2169 830 2203 Flor..
847 2169 1012 2208 fortasse
1028 2171 1123 2200 recte
1198 2169 1241 2200 27
1260 2169 1369 2207 paulo
1386 2193 1393 2200 .
1411 2193 1417 2200 .
1436 2194 1442 2199 .

91 2216 327 2247 conciderant
349 2215 460 2248 Char.
479 2226 637 2255 qramm.
652 2216 667 2247 Ι
688 2220 779 2253 1593
795 2220 809 2247 1
836 2216 956 2247 Diom.
977 2225 1132 2255 mamm.
1153 2220 1225 2254 35³3,
1239 2219 1278 2247 31
1331 2216 1442 2255 paulo

92 2263 272 2294 divorsius
293 2261 372 2300 sed}
396 2263 461 2293 alis
483 2263 568 2294 alibi
589 2266 728 2294 stantes
748 2264 957 2295 ceciderunt
978 2262 1089 2295 (mar.
1106 2264 1238 2301 Diom„
1258 2264 1325 2295 sed
1339 2264 1444 2295 hanc!

92 2311 169 2341 scio
203 2319 250 2341 (ιη
285 2311 377 2341 fiaes·
410 2311 707 2342 testimonimum
740 2320 832 2349 pars
866 2312 915 2342 ad
949 2312 1063 2342 alium
1099 2312 1217 2342 locum
1252 2312 1446 2351 pertineat
