1593 2496
373 57 647 95 CATILINAE
675 55 991 94 CONIURATIO
1019 60 1110 92 5„.7
1395 62 1419 99 7

72 173 197 222 pauci
220 183 271 212 ex
298 172 448 211 amicis
476 170 637 210 auxilio
666 181 779 209 esse:
808 180 908 208 narn
937 169 1063 209 ceteri
1092 173 1209 208 metu
1237 168 1420 218 perculsi

71 243 97 271 a
124 231 322 281 periculis
344 231 534 270 aberant.
573 234 615 269 at
635 229 819 269 Romani
841 229 960 268 domi
982 228 1250 277 militiaeque
1271 228 1420 267 intenti
1448 232 1479 264 5

71 291 283 336 festinare,
317 301 478 339 parare,
510 289 620 328 alius
653 288 786 328 alium
814 288 984 334 hortari,
1017 288 1216 328 hostibus
1243 287 1419 327 obviam

73 351 144 397 ire,
178 350 416 389 libertatem
452 349 631 398 patriam
666 348 944 397 parentisque
970 348 1100 386 armis
1127 352 1284 397 tegere.
1323 350 1421 396 post

73 410 146 449 ubi
187 408 377 458 pericula
413 409 569 447 virtute
608 407 897 457 propulerant,
937 407 1067 447 sociis
1103 411 1234 456 atque
1269 406 1421 445 amicis

72 468 232 508 auxilia
265 468 505 518 portabant,
539 467 771 517 magisque
803 466 959 506 dandis
992 477 1125 515 quam
1153 464 1421 514 accipiundis

72 527 296 567 beneficiis
341 527 552 566 amicitias
598 526 818 575 parabant.
881 526 1109 575 imperium
1152 525 1421 575 legitumum,
1448 529 1482 560 δή

72 598 234 627 nomen
256 587 408 636 imperi
430 586 595 635 regium
617 585 849 626 habebant.
890 585 1057 631 delecti,
1084 585 1244 634 quibus
1265 595 1421 633 corpus

73 647 199 685 annis
232 646 462 692 infirmum,
499 646 722 696 ingenium
756 645 970 694 sapientia
1001 644 1197 684 validum
1231 648 1330 690 erat,
1363 643 1422 683 rei

20 711 54 739 10
73 705 274 755 publicae
307 704 627 745 consultabant:
661 704 703 743 hi
736 704 807 744 vel
840 709 981 744 aetate
1012 703 1083 744 vel
1117 714 1244 743 curae
1276 702 1423 742 simili-

71 764 222 804 tudine
244 769 385 814 patres
406 764 748 814 appellabantur.
782 768 880 813 post
901 764 975 803 ubi
996 764 1163 813 regium
1181 763 1422 812 imperium,
1449 765 1479 797 Ίῑ

72 823 192 873 quod
221 824 342 864 initio
370 823 698 864 conservandae
726 823 932 863 libertatis
959 828 1091 873 atque
1111 822 1343 873 augendae
1363 822 1421 861 rei

73 882 274 932 publicae
295 883 441 929 fuerat,
463 884 505 922 in
527 883 775 932 superbiam
798 882 1234 932 dominationemque
1254 892 1302 922 se
1323 892 1423 922 con-

72 943 211 988 vortit,
239 943 449 982 inmutato
477 953 598 982 more
624 953 770 981 annua
797 942 977 991 imperia
1004 942 1222 991 binosque
1242 942 1424 990 impera-

20 1007 54 1034 25
73 1006 187 1041 tores
214 1001 296 1041 sibi
323 1001 478 1041 fecere:
507 1012 560 1041 eo
587 1001 721 1042 modo
750 1002 943 1041 minume
965 1013 1097 1051 posse
1119 1001 1329 1051 putabant
1350 1011 1424 1050 per

74 1060 294 1100 licentiam
323 1061 584 1101 insolescere
610 1062 804 1100 animum
833 1061 1085 1101 humanum.

133 1119 220 1159 Sed
255 1131 308 1160 ea
339 1124 597 1169 tempestate
624 1131 808 1170 coepere
836 1132 882 1160 se
909 1121 1097 1170 quisque
1124 1121 1264 1170 magis
1291 1119 1424 1159 extol-
1451 1113 1486 1151 Τ

75 1178 162 1219 lere
189 1181 419 1229 magisque
446 1180 670 1230 ingenium
692 1181 735 1219 in
758 1184 960 1229 promptu
981 1180 1153 1220 habere.
1191 1191 1291 1219 nam
1317 1179 1425 1229 regi·
1450 1181 1483 1213 2:

75 1238 156 1278 bus
189 1238 292 1279 boni
326 1250 458 1288 quarn
492 1239 594 1278 mali
622 1240 914 1288 suspectiores
941 1244 1053 1285 sunt,
1086 1250 1346 1289 semperque
1373 1239 1425 1277 iis

19 1297 217 1337 maliena
253 1299 387 1338 virtus
427 1298 711 1338 formidulosa
749 1304 825 1339 est.
871 1298 948 1339 sed
985 1300 1137 1339 civitas
1173 1297 1425 1339 incredibile
1451 1299 1484 1332 3-

74 1362 316 1397 memoratu
348 1362 411 1396 est
438 1357 597 1406 adepta
623 1357 819 1398 libertate
845 1362 1055 1408 quantum
1084 1359 1203 1398 brevi
1231 1359 1424 1398 creverit:

76 1421 195 1455 tanta
222 1416 382 1466 cupido
409 1416 573 1466 gloriae
600 1417 845 1458 incesserat.
884 1419 969 1457 iam
998 1419 1182 1467 primum
1211 1419 1424 1463 iuventus,
1452 1417 1483 1450 4-

77 1475 204 1514 simul
232 1486 282 1515 ac
308 1475 409 1515 belli
437 1477 606 1525 patiens
627 1481 727 1523 erat,
754 1477 796 1516 in
818 1478 966 1517 castris
988 1489 1063 1527 per
1082 1478 1275 1518 laborem
1297 1489 1424 1517 usum

76 1534 254 1574 militiae
287 1534 493 1581 discebat,
526 1536 755 1586 magisque
782 1537 824 1575 in
853 1537 1021 1577 decoris
1049 1538 1178 1577 armis
1206 1542 1246 1577 et
1273 1537 1425 1576 milita-

21 1599 57 1626 25
76 1593 192 1633 ribus
226 1595 349 1643 equis
377 1606 508 1643 quam
536 1595 578 1634 in
605 1596 756 1635 scortis
783 1600 914 1646 atque
942 1597 1156 1637 conviviis
1183 1597 1422 1637 lubidinem

75 1653 306 1693 habebant.
351 1654 478 1703 igitur
509 1654 666 1694 talibus
696 1656 798 1694 viris
825 1667 913 1696 non
941 1656 1063 1696 labor
1090 1656 1301 1703 insolitus,
1334 1667 1422 1696 non
1451 1655 1484 1688 5·

133 1745 154 1777 9
175 1747 262 1785 reip.
283 1747 541 1779 consultabant
561 1748 667 1781 Arus-
687 1759 845 1789 yramm.
859 1749 917 1781 VII
933 1753 1006 1789 460,
1022 1754 1037 1781 1
1111 1751 1153 1782 10
1174 1751 1234 1783 hi.
1250 1775 1257 1782 .
1273 1775 1280 1783 .
1295 1750 1425 1790 appel-

76 1793 243 1825 labantur
261 1793 359 1826 Serv.
382 1795 468 1826 Aen.
486 1799 516 1827 5.
534 1799 593 1827 758
665 1794 716 1835 hi]
739 1797 774 1828 hi
795 1800 916 1829 autem
932 1797 1032 1830 Sero.
1107 1806 1214 1830 curae
1230 1823 1237 1829 .
1250 1823 1257 1829 .
1274 1822 1282 1830 .
1297 1798 1425 1837 appel-

76 1840 243 1873 labantur
267 1841 459 1882 Euyraph.
485 1842 561 1875 Ter.
584 1843 651 1875 Ad.
673 1847 732 1875 110
758 1845 802 1884 cs.
822 1844 910 1877 Isid.
931 1846 1026 1885 oriy.
1045 1849 1076 1884 9,
1091 1849 1120 1884 4,
1137 1848 1177 1877 10
1261 1845 1424 1884 appella-

78 1886 219 1926 bantur]
248 1889 422 1928 appellati
449 1893 534 1922 sunt
553 1890 653 1923 Serv.
730 1892 771 1923 12
800 1890 987 1930 libertatis]
1010 1901 1122 1924 causa
1141 1903 1170 1925 s.
1184 1893 1298 1925 s.MT
1319 1893 1424 1925 liber-

77 1935 161 1966 tatis
192 1944 304 1967 causa
334 1936 514 1969 NKHDs
614 1938 656 1970 14
688 1948 811 1971 annua
843 1940 927 1978 imp.
955 1940 1065 1972 Prob.
1092 1942 1178 1973 inst.
1204 1949 1361 1980 yramm.
1382 1939 1431 1972 W

78 1986 148 2021 129,
165 1986 205 2014 16
252 1992 375 2015 annua
387 2008 395 2016 .
409 2009 418 2017 .
434 2009 441 2017 .
457 1985 576 2018 fecere
602 1986 694 2025 Any.
715 1988 782 2019 cio.
802 1990 832 2026 5,
849 1991 888 2018 12
943 1987 988 2019 20
1013 1989 1141 2020 civitas
1157 2013 1165 2020 .
1181 2013 1189 2020 .
1205 2012 1212 2020 .
1228 1989 1427 2020 incesserat

76 2029 170 2069 Any.
195 2031 263 2062 cto.
281 2034 311 2069 5,
327 2035 366 2063 12
443 2032 488 2064 22
508 2034 579 2064 iarn
595 2057 603 2065 .
618 2057 626 2065 .
642 2058 650 2065 .
665 2037 740 2066 erat
758 2034 879 2067 Dtom.
899 2044 1056 2075 yramm.
1071 2036 1088 2067 Ι
1104 2039 1177 2075 435,
1190 2039 1211 2067 9
1283 2036 1354 2067 iarn
1370 2061 1377 2068 .
1393 2059 1402 2067 .
1417 2059 1426 2067 .

78 2076 245 2109 discebat
263 2078 343 2118 Vey.
358 2080 433 2112 mil.
450 2084 477 2119 1,
492 2084 512 2112 4
563 2082 634 2112 iam
655 2082 806 2114 simulac
826 2083 995 2114 iuventus
1014 2082 1095 2123 Vey.
1146 2084 1289 2122 patiens
1305 2108 1313 2115 .
1328 2108 1336 2115 .
1352 2107 1360 2115 .
1375 2083 1425 2114 la·

81 2124 204 2156 borem
231 2134 302 2158 om.
328 2126 408 2166 Vey.
475 2128 520 2160 23
540 2137 645 2160 usum
667 2129 816 2162 militiae
835 2130 863 2162 Τ
883 2132 920 2162 et
940 2128 1010 2166 Qu
1035 2130 1158 2171 Veyeti
1183 2139 1249 2162 usu
1278 2131 1427 2162 militiae

79 2167 126 2202 P¹
157 2180 225 2204 usu
259 2173 384 2204 militia
410 2174 436 2206 Α
454 2175 576 2215 Veyeti
600 2185 705 2208 usum
733 2177 895 2209 militiam
921 2172 1011 2209 P‘2M
1043 2181 1079 2210 et
1110 2187 1177 2211 usu
1205 2178 1366 2209 militiam
1393 2176 1426 2209 H

80 2227 148 2250 usu
176 2220 336 2252 militiam
364 2222 441 2253 rell.
463 2223 582 2262 codd„
609 2224 645 2255 M
669 2224 802 2264 Vemztt,
823 2234 854 2257 υ.
876 2225 930 2264 Ay
945 2228 1005 2257 178
1063 2226 1253 2258 discebant
1273 2221 1321 2257 13¹
1345 2225 1426 2264 νεα.

140 2267 332 2306 magisque
348 2292 355 2299 .
371 2292 379 2300 .
394 2293 402 2301 .
417 2269 604 2303 habebant
622 2271 717 2303 Non.
734 2281 772 2312 p.
792 2275 864 2311 453,
880 2276 919 2304 18
997 2272 1042 2304 26
1062 2274 1170 2314 igitur
1184 2299 1191 2306 .
1208 2298 1216 2305 .
1231 2297 1238 2304 .
1254 2272 1437 2305 {orandun

81 2312 181 2345 iosus
208 2313 299 2353 Gell,
313 2319 345 2351 9,
361 2320 409 2355 12,
423 2320 444 2348 9
