1593 2496
363 59 636 97 cAT1L1NAE
663 59 976 97 CONJURATlo
1005 64 1143 96 19—20
1376 67 1425 105 17

139 173 225 213 Sed
261 185 343 223 ego
378 184 491 223 quae
524 177 670 213 mente
703 174 877 223 agitavi‚
910 184 1064 212 omnes
1099 174 1183 212 iarn
1211 177 1340 213 antea
1367 172 1428 211 di·
1454 168 1476 200 5

80 235 195 273 vorsi
241 233 434 272 audistis.
486 237 674 272 ceterum
715 232 818 271 mihi
860 233 901 271 in
942 232 1035 272 dies
1075 233 1215 282 magis
1254 234 1426 272 animus
1454 234 1476 265 6

82 292 340 338 accenditur,
368 303 501 342 quom
524 292 766 338 considero,
794 303 908 341 quae
930 291 1130 331 condicio
1152 292 1267 331 vitae
1288 291 1428 330 futura

79 353 143 398 sit,
165 352 246 390 nisi
268 356 440 391 nosmet
456 352 537 400 ipsi
553 351 827 390 vindicamus
844 352 886 390 in
902 351 1155 390 libertatem.
1194 362 1295 390 nam
1312 355 1427 400 post·
1454 354 1474 386 7

43 419 60 445 5
80 422 210 460 quarn
239 422 305 450 res
334 410 508 460 publica
535 411 577 449 in
600 422 838 459 paucorum
861 411 1102 459 potentium
1125 411 1191 449 ius
1213 415 1344 459 atque
1365 410 1427 449 di-

80 471 250 510 cionem
285 471 517 516 concessit,
552 481 723 518 semper
756 469 839 508 illis
872 481 996 519 reges
1030 469 1263 509 tetrarchae
1296 470 1427 509 vecti-

80 529 201 579 gales
235 541 351 575 esse,
386 529 537 579 populi
570 530 770 569 nationes
805 529 1022 578 stipendia
1056 529 1264 578 pendere;
1298 529 1426 568 ceteri

80 600 252 635 omnes,
287 589 446 628 strenui
480 589 603 634 boni,
636 588 807 628 nobiles
841 593 972 638 atque
1000 588 1235 638 ignobiles,
1267 588 1426 638 volgus

80 648 240 687 fuimus
261 649 356 688 sine
377 649 525 698 gratia,
553 649 647 687 sine
669 648 933 694 auctoritate,
962 648 1012 687 iis
1035 648 1227 694 obnoxii,
1254 648 1426 697 quibus,

27 713 60 741 10
80 708 115 746 si
143 718 209 747 res
231 707 405 756 publica
425 707 598 753 valeret,
626 707 843 747 formidini
866 718 1075 747 essemus.
1115 708 1261 756 itaque
1283 707 1426 747 omnis
1453 712 1475 743 8

79 768 215 816 gratia
250 768 442 816 potentia
475 767 617 806 honos
652 767 829 806 divitiae
856 766 974 816 apud
1002 766 1098 806 illos
1126 771 1226 806 sunt
1252 771 1326 806 aut
1352 766 1425 805 ubi

80 825 139 864 illi
178 826 347 872 volunt;
388 827 515 866 nobis
554 826 765 875 reliquere
806 826 996 875 pericula
1034 826 1231 875 repulsas
1267 826 1427 865 iudicia

81 890 332 935 egestatem.
372 897 485 934 quae
518 897 605 934 quo
640 896 780 934 usque
812 885 988 924 tandem
1023 886 1259 934 patiemini,
1293 897 1318 925 o
1347 885 1426 925 for-
1453 891 1475 922 9

80 946 248 983 tissumi
276 946 383 984 viri?
410 956 557 984 nonne
585 945 718 984 emori
749 956 824 993 per
849 946 1049 984 virtutem
1078 949 1267 994 praestat
1294 956 1426 994 quam

28 1011 61 1037 15
79 1004 213 1042 vitam
235 1005 437 1043 miseram
459 1009 590 1053 atque
611 1004 900 1050 inhonestam,
922 1004 995 1043 ubi
1011 1004 1181 1043 alienae
1196 1004 1427 1053 superbiae

81 1063 266 1102 ludibrio
289 1063 430 1109 fueris,
453 1074 527 1112 per
548 1063 741 1103 dedecus
763 1064 986 1103 amittere?
1012 1075 1162 1103 verum
1180 1064 1295 1103 enirn
1310 1075 1426 1109 vero,
1443 1068 1488 1100 10

81 1133 157 1171 pro
180 1122 310 1161 deum
333 1127 464 1172 atque
485 1123 712 1162 hominurn
734 1123 878 1168 fidem,
899 1124 1078 1162 victoria
1093 1124 1135 1161 in
1151 1134 1284 1162 manu
1299 1123 1427 1162 nobis

81 1186 156 1227 est,
189 1183 306 1231 viget
333 1187 465 1228 aetas,
493 1183 664 1221 animus
691 1182 823 1228 valet;
858 1187 1005 1222 contra
1033 1182 1115 1221 illis
1143 1183 1268 1221 annis
1296 1187 1427 1231 atque

80 1240 241 1280 divitiis
263 1242 411 1281 omnia
433 1246 765 1281 consenuerunt.
798 1241 1102 1281 tantummodo
1125 1242 1297 1290 incepto
1314 1253 1426 1290 opus

25 1306 60 1333 20
81 1305 162 1346 est,
196 1305 336 1340 cetera
363 1312 429 1340 res
458 1301 671 1349 expediet.
719 1302 877 1340 etenim
906 1302 1003 1350 quis
1030 1301 1294 1347 mortalium,
1322 1302 1484 1349 quoin

79 1359 201 1398 virile
222 1360 445 1409 ingenium
468 1365 543 1405 est,
563 1360 745 1399 tolerare
767 1365 909 1409 potest
925 1360 1007 1399 illis
1023 1360 1196 1399 divitias
1212 1371 1427 1409 superare,

80 1430 190 1467 quas
229 1419 491 1467 profundant
530 1420 572 1457 in
613 1419 851 1459 extruendo
885 1421 992 1458 mari
1027 1424 1067 1459 et
1099 1420 1322 1459 montibus
1356 1431 1427 1459 co-

79 1478 335 1527 aequandis,
367 1479 494 1517 nobis
528 1489 615 1517 rem
649 1478 903 1517 familiarem
940 1480 1069 1518 etiam
1098 1479 1153 1518 ad
1181 1479 1428 1518 necessaria

80 1537 265 1576 deesse?
316 1537 412 1577 illos
458 1538 582 1576 binas
627 1543 700 1577 aut
739 1538 926 1587 amplius
966 1538 1124 1578 domos
1163 1539 1427 1584 continuare,

25 1603 61 1630 25
80 1597 207 1636 nobis
247 1596 378 1636 larem
414 1597 667 1636 familiarem
700 1608 917 1646 nusquam
951 1597 1087 1636 ullum
1122 1599 1248 1637 esse?
1293 1608 1426 1647 quom
1445 1605 1489 1637 12

80 1655 251 1695 tabulas
292 1657 419 1705 signa
457 1661 699 1695 toreumata
739 1662 904 1702 emunt,
950 1668 1067 1696 nova
1107 1657 1297 1702 diruunt,
1343 1656 1428 1696 alia

81 1715 324 1761 aedificant,
352 1720 572 1764 postremo
601 1716 805 1755 omnibus
833 1716 975 1755 modis
1004 1717 1234 1765 pecuniam
1255 1716 1428 1755 trahunt

80 1779 256 1820 vexant,
295 1779 441 1814 tamen
482 1786 653 1813 summa
686 1775 881 1814 lubidine
914 1776 1087 1814 divitias
1121 1786 1223 1814 suas
1254 1776 1427 1814 vincere

80 1838 314 1882 nequeunt.
354 1838 395 1872 at
422 1834 550 1873 nobis
578 1838 642 1873 est
669 1835 787 1873 dorni
815 1835 975 1882 inopia,
1003 1835 1105 1874 foris
1127 1846 1202 1874 aes
1223 1835 1426 1880 alienum,
1444 1844 1491 1875 13

140 1938 160 1969 2
199 1942 356 1970 ceterum
382 1963 388 1970 .
411 1964 419 1971 .
440 1963 448 1971 .
469 1940 612 1970 animus
645 1939 817 1972 *Soc-ercl.
842 1949 999 1979 yramm.
1019 1939 1077 1971 VII
1109 1943 1179 1977 446,
1194 1943 1214 1970 5
1312 1940 1428 1979 magis

82 1986 272 2025 magisque
297 1986 330 2018 V
415 1984 572 2024 animus]
600 1988 813 2019 auxiliorum
841 1987 990 2019 Sacerci.
1065 1987 1084 2018 3
1112 1988 1305 2019 considero
1333 1996 1428 2026 quae

80 2042 109 2065 s.
130 2043 157 2065 s.
180 2033 232 2064 Al
307 2033 327 2064 4
354 2034 423 2071 ipsi
449 2029 593 2065 VA‘2C2
619 2035 721 2073 ipsos
748 2036 826 2066 rell.
901 2034 922 2065 8
949 2035 1037 2066 boni
1063 2037 1173 2073 atque
1200 2035 1335 2066 strenui
1362 2043 1428 2066 no-

81 2080 173 2111 biles
200 2084 236 2112 et
261 2081 444 2119 ignobiles
469 2081 502 2113 V
578 2081 619 2112 12
647 2082 850 2121 relinquere
870 2082 970 2114 PCB
994 2079 1033 2118 (n
1054 2080 1165 2121 eras.)
1243 2082 1284 2114 13
1312 2091 1333 2113 o
1354 2091 1427 2113 s.s.

80 2127 108 2158 P
140 2129 229 2159 add.
250 2128 282 2158 A
309 2137 379 2159 om.
399 2129 473 2159 Nm
574 2129 615 2160 17
644 2138 706 2167 pro
730 2154 737 2161 .
753 2153 760 2161 .
777 2130 910 2161 ,fidem
937 2130 1052 2161 Prz'sc.
1072 2138 1229 2168 gramm.
1250 2129 1300 2161 HI
1322 2133 1373 2167 49,
1387 2133 1428 2160 24

140 2184 204 2213 pro
226 2200 234 2207 .
250 2199 257 2207 .
273 2199 281 2206 .
303 2176 410 2206 nobis
437 2179 491 2206 est
517 2176 631 2207 Prisc.
651 2186 808 2215 yramm.
828 2177 877 2208 Ill
900 2180 971 2215 364,
987 2180 1007 2208 6
1120 2177 1228 2208 nobis
1255 2179 1291 2207 in
1319 2185 1429 2207 manu

80 2222 194 2254 Prisc.
291 2223 398 2254 vobis
424 2218 690 2254 VP2A²C²Bn
783 2224 827 2255 22
855 2233 945 2263 quas
961 2249 967 2256 .
984 2249 991 2255 .
1008 2248 1015 2255 .
1030 2224 1282 2263 coaequandis
1306 2223 1433 2256 Schol.

80 2269 170 2301 Hor.
185 2279 297 2301 earm.
310 2273 399 2308 2,18,
408 2273 450 2301 ΞΟ
498 2269 603 2309 quas]
621 2272 680 2309 qui
697 2271 1064 2303 divitiassuasSchol.
1073 2272 1161 2303 Hor.
1213 2271 1257 2304 23
1266 2273 1373 2303 etiam

82 2315 157 2355 (25)
184 2317 395 2349 familiarem
423 2319 460 2349 in
487 2327 558 2362 my.
578 2312 625 2349 Ρ2
