1593 2496
131 71 181 109 18
561 64 601 100 C.
623 63 867 100 SALLUSTI
894 63 1052 100 CRISPI

127 177 241 216 mala
280 188 363 221 res,
405 188 505 224 spes
540 176 676 216 multo
711 177 920 226 asperior:
961 177 1151 226 denique
1185 177 1289 226 quid
1324 176 1475 225 reliqui

127 236 340 275 habemus
369 242 536 284 praeter
563 236 765 275 miseram
792 236 1014 275 animam?

67 296 110 328 ³4
187 294 302 339 Quin
330 295 456 344 igitur
484 295 864 344 expergiscimini?
891 306 945 334 en
972 294 1056 340 illa,
1084 294 1156 333 illa
1182 306 1314 344 quam
1342 305 1475 343 saepe

128 355 308 403 optastis
329 354 515 399 libertas,
537 358 759 402 praeterea
780 354 958 393 divitiae
973 353 1107 393 decus
1122 354 1261 404 gloria
1276 355 1319 392 in
1335 353 1472 393 oculis

127 414 207 452 sita
234 418 350 457 sunt;
378 413 548 452 fortuna
576 414 724 452 omnia
752 424 804 452 ea
829 413 1066 453 victoribus
1094 414 1286 462 praemia
1314 413 1469 461 posuit.
1510 419 1527 445 5

67 474 110 506 15
128 484 192 512 res
213 477 386 521 tempus
408 472 598 521 pericula
620 477 793 522 egestas
809 472 909 511 belli
926 472 1067 521 spolia
1083 472 1317 522 magnifica
1332 473 1472 521 magis

67 534 110 565 ³6
126 543 257 581 quam
297 532 434 571 oratio
475 542 572 570 mea
610 542 691 571 vos
726 531 958 571 hortantur.
1004 531 1074 570 vel
1110 532 1369 580 imperatore
1402 531 1472 570 vel

124 591 257 630 milite
285 602 355 630 me
382 591 567 629 utimini:
596 601 740 640 neque
762 591 933 629 animus
955 601 1099 640 neque
1121 601 1278 639 corpus
1299 601 1325 629 a
1344 590 1472 629 vobis

67 652 106 683 17
125 651 270 690 aberit.
310 650 418 689 haec
442 650 548 698 ipsa,
570 654 614 688 ut
636 661 776 698 spero,
796 650 1026 689 vobiscum
1049 660 1136 688 una
1157 649 1309 689 consul
1331 660 1472 699 agam,

126 710 206 748 nisi
241 709 346 749 forte
380 720 449 748 me
478 709 648 748 animus
676 708 782 748 fallit
809 715 849 748 et
875 720 956 748 vos
985 709 1143 748 servire
1171 709 1311 757 magis
1339 719 1470 758 quam
1494 714 1526 740 10

127 770 336 817 imperare
365 769 500 817 parati
529 763 658 807 estis.’

50 827 101 864 21
184 828 419 877 Postquam
441 838 648 876 accepere
670 838 722 866 ea
744 827 956 873 homines,
978 827 1138 876 quibus
1159 826 1274 866 mala
1296 827 1472 866 abunde

127 888 274 926 omnia
313 892 443 932 erant,
485 886 561 926 sed
601 898 745 936 neque
785 898 851 926 res
891 897 1034 936 neque
1074 897 1174 935 spes
1215 886 1332 926 bona
1371 885 1470 931 ulla,

123 947 295 986 tametsi
332 945 415 984 illis
449 946 595 995 quieta
627 957 804 985 movere
838 957 999 995 magna
1031 956 1196 984 merces
1231 945 1470 990 videbatur,

121 1012 268 1045 tamen
301 1005 578 1053 postulavere
613 1004 818 1054 plerique,
855 1010 899 1044 ut
927 1010 1199 1054 proponeret,
1228 1015 1341 1053 quae
1368 1015 1468 1044 con·
1491 1010 1523 1036 ¹5

126 1065 238 1104 (licio
281 1064 379 1103 belli
420 1064 538 1109 foret,
578 1075 691 1113 quae
731 1065 923 1112 praemia
956 1064 1085 1103 armis
1120 1069 1325 1112 peterent,
1366 1064 1470 1113 quid

79 1126 97 1157 2
129 1125 289 1173 ubique
323 1124 419 1172 opis
453 1130 525 1162 aut
559 1123 651 1172 spei
685 1124 904 1163 haberent.
944 1129 1033 1162 tum
1063 1121 1246 1162 Catilina
1281 1122 1469 1171 polliceri

126 1183 295 1222 tabulas
329 1194 486 1227 novas,
521 1183 878 1231 proscriptionem
914 1182 1214 1231 locupletium,
1250 1183 1470 1232 magistra-

126 1250 205 1287 tus,
233 1242 485 1286 sacerdotia,
514 1243 698 1290 rapinas,
725 1241 809 1281 alia
836 1243 995 1287 omnia,
1023 1252 1135 1291 quae
1158 1241 1319 1280 bellum
1341 1246 1471 1290 atque

78 1303 98 1335 3
127 1302 276 1341 lubido
310 1302 519 1341 victorum
555 1301 647 1346 iert;
681 1306 902 1350 praeterea
936 1312 1032 1340 esse
1064 1302 1104 1339 in
1133 1300 1345 1349 Hispania
1372 1301 1469 1340 cite·
1491 1304 1525 1330 2⁰

126 1362 234 1401 riore
269 1361 483 1405 Pisonem,
518 1361 558 1399 in
592 1361 861 1400 Mauretania
895 1372 992 1399 cum
1026 1360 1212 1400 exercitu
1242 1359 1283 1398 P.
1298 1358 1468 1398 Sittium

126 1420 406 1464 Nucerinum,
447 1420 598 1459 consili
633 1421 698 1459 sui
734 1420 981 1469 participes;
1015 1424 1160 1468 petere
1195 1419 1468 1458 consulatum

127 1478 169 1518 C.
190 1479 441 1523 Antonium,
481 1490 610 1528 quem
651 1479 731 1518 sibi
772 1478 986 1528 collegam
1026 1479 1116 1518 fore
1155 1483 1355 1527 speraret,
1394 1478 1469 1517 ho-

126 1539 287 1578 minem
323 1544 363 1578 et
391 1538 643 1577 familiarem
673 1544 712 1577 et
740 1538 944 1578 omnibus
972 1537 1368 1577 necessitudinibus
1396 1538 1470 1576 clr-

126 1603 422 1642 cumventum;
451 1609 547 1636 cum
571 1608 622 1636 eo
646 1608 692 1637 se
714 1597 939 1637 consulem
961 1598 1128 1636 initium
1151 1596 1314 1646 agundi
1336 1595 1466 1635 factu·
1486 1599 1522 1625 25

77 1659 98 1690 4
127 1669 230 1696 rum.
264 1657 318 1696 ad
336 1657 419 1696 hoc
434 1656 675 1696 maledictis
692 1657 941 1705 increpabat
957 1657 1099 1696 omnis
1116 1657 1268 1700 bonos,
1291 1666 1467 1695 suorum

127 1728 261 1755 unum
295 1727 516 1765 quemque
549 1717 781 1755 nominans
816 1716 1009 1755 laudare:
1043 1715 1309 1755 admonebat
1336 1714 1468 1753 alium

127 1776 343 1824 egestatis,
371 1775 502 1814 alium
532 1775 777 1823 cupiditatis
799 1786 916 1822 suae,
944 1774 1176 1824 compluris
1199 1773 1375 1822 periculi
1397 1779 1470 1812 aut

127 1835 405 1884 ignominiae,
422 1834 581 1873 multos
596 1835 800 1874 victoriae
811 1833 1026 1880 Sullanae,
1043 1834 1201 1883 quibus
1218 1844 1269 1872 ea
1282 1832 1469 1881 praedae

77 1895 98 1927 5
127 1893 272 1933 fuerat.
312 1899 544 1942 postquam
574 1895 768 1933 omnium
796 1894 968 1933 animos
989 1893 1140 1933 alacris
1160 1892 1291 1941 videt,
1320 1891 1469 1931 cohor·
1489 1898 1524 1925 3⁰

125 1957 250 1999 tatus,
285 1957 329 1991 ut
363 1954 617 2001 petitionem
647 1964 770 1991 suam
799 1964 926 1992 curae
954 1953 1172 1997 haberent,
1206 1955 1469 1990 conventum

183 2081 202 2113 3
230 2089 276 2113 en
303 2090 373 2113 om.
395 2081 427 2113 V
451 2093 480 2113 s.
500 2091 529 2113 s.
551 2076 603 2112 ΑΞ
688 2082 747 2112 illa
773 2082 833 2112 illa
859 2075 1178 2113 VACB²NK¹sn
1205 2080 1265 2111 illa
1290 2075 1469 2110 PB¹K²H

129 2125 226 2159 le
326 2128 344 2159 7
372 2129 557 2160 hortantur
581 2124 666 2160 VP¹
693 2130 877 2160 hortentur
902 2123 948 2160 1²²
974 2128 1051 2159 rell.
1143 2126 1164 2158 8
1190 2127 1331 2158 utimini
1356 2125 1469 2158 XNH

125 2175 240 2207 Mlsn
261 2176 411 2207 utemini
433 2172 710 2208 VP²KTDFm
782 2176 823 2207 13
845 2176 942 2207 bona
962 2175 1034 2206 ulla
1048 2186 1077 2207 s.
1092 2186 1119 2206 s.
1136 2173 1162 2205 P
1231 2173 1276 2205 20
1294 2174 1468 2205 victorum

125 2223 251 2254 lubido
272 2222 341 2254 AC
361 2223 486 2254 lubido
508 2234 536 2254 κ.
551 2233 580 2254 s.
596 2223 627 2254 H
677 2223 722 2254 25
743 2231 783 2254 se
804 2232 861 2254 om
884 2223 910 2254 P
931 2235 961 2254 s.
975 2232 1003 2253 ⁸.
1019 2221 1047 2253 B
1064 2230 1142 2261 exp.
1158 2222 1188 2252 D
1246 2221 1290 2252 27
1305 2230 1469 2252 unum...

125 2269 274 2302 laudare
306 2270 419 2301 Prisc.
441 2279 596 2307 qramm.
624 2270 672 2301 ll!
700 2274 770 2305 304.
789 2274 828 2301 16
918 2270 1167 2300 admonebat,
1191 2294 1197 2300 .
1220 2295 1226 2300 .
1249 2277 1337 2299 suae
1363 2268 1468 2299 Aras.

120 2326 280 2356 gyf-amm.
301 2317 357 2348 Vll
381 2321 451 2351 455,
467 2321 506 2348 20
