1593 2496
102 38 159 77 48
533 30 573 68 C.
594 31 840 68 SALLUSTI
869 31 1028 68 CRISPI

103 144 240 184 videri
268 155 444 184 causam
474 144 633 183 civium
661 155 758 183 cum
787 144 922 183 servis
949 144 1140 194 fugitivis
1164 143 1457 184 communica·

103 214 234 244 vrsse.

43 265 97 303 57
168 262 255 302 Sed
277 267 510 312 postquam
533 263 575 301 in
598 268 736 301 castra
756 263 933 301 nuntius
955 263 1149 311 pervenit
1170 261 1335 302 Romae
1355 272 1455 301 con-

64 1158 84 1189 01

66 1399 87 1430 6

43 1508 99 1546 58

106 323 364 362 iurationem
399 322 672 371 patefactam,
705 321 760 361 de
787 321 969 361 Lentulo
998 326 1039 360 et
1066 320 1260 371 Cethego
1287 321 1457 360 ceteris-

106 393 203 431 que,
230 392 342 431 quos
364 392 495 430 supra
515 382 766 426 memoravi,
794 380 1055 430 supplicium
1077 384 1311 430 sumptum,
1333 379 1455 429 pleri·
1492 385 1514 412 5

106 452 203 490 que,
224 451 337 489 quos
359 440 414 479 ad
436 439 599 479 bellum
620 451 722 489 spes
738 441 983 489 rapinarum
998 444 1072 478 aut
1087 450 1299 480 novarum
1315 450 1456 478 rerum

107 500 298 539 studium
320 499 524 545 illexerat,
551 499 817 544 dilabuntur;
838 498 1029 548 reliquos
1046 497 1229 538 Catilina
1245 510 1319 548 per
1334 509 1458 538 mon·

106 560 159 598 tis
198 570 378 608 asperos
415 559 585 608 magnis
622 558 845 597 itineribus
883 559 925 596 in
961 568 1112 608 agrum
1149 557 1456 597 Pistoriensem

107 618 283 658 abducit
309 629 362 658 eo
391 617 587 663 consilio,
613 618 674 656 uti
702 629 776 666 per
802 618 992 656 tramites
1020 616 1188 657 occulte
1215 616 1459 666 perfugeret

107 678 149 717 in
190 676 375 717 Galliam
415 676 759 725 Transalpinam.
804 681 845 715 at
885 675 934 719 Q.
962 675 1163 715 Metellus
1197 675 1319 716 Celer
1357 687 1454 714 cum
1478 679 1514 709 10

107 737 240 776 tribus
273 736 521 787 legionibus
554 737 596 774 in
630 746 734 785 agro
762 735 921 775 Piceno
950 735 1237 784 praesidebat,
1270 746 1322 774 ex
1350 734 1459 773 diffi-

109 796 267 836 cultate
301 807 439 835 rerum
475 795 629 835 eadem
658 794 730 834 illa
758 795 1027 834 existumans
1055 805 1170 843 quae
1197 805 1326 843 supra
1353 793 1460 832 dixi-

109 867 206 895 mus
234 854 463 895 Catilinam
490 855 665 904 agitare.
711 855 838 904 igitur
865 854 937 893 ubi
966 854 1042 893 iter
1069 854 1162 893 eius
1190 865 1242 892 ex
1268 853 1459 902 perfugis

110 915 328 965 cognovit,
363 918 501 953 castra
534 924 715 963 propere
749 914 884 953 movit
917 924 967 952 ac
1000 912 1081 952 sub
1110 913 1215 961 ipsis
1243 912 1459 952 radicibus

110 975 323 1014 montium
358 973 567 1019 consedit,
600 984 687 1022 qua
721 972 778 1011 illi
813 972 1051 1011 descensus
1087 976 1175 1010 erat
1202 972 1244 1010 in
1273 971 1459 1011 Galliam
1481 976 1517 1003 25

111 1034 371 1083 properanti.
391 1043 536 1082 neque
556 1037 701 1072 tamen
723 1031 939 1071 Antonius
962 1031 1109 1080 procul
1131 1031 1290 1076 aberat,
1310 1035 1462 1080 utpote

111 1094 184 1142 qui
212 1103 374 1142 magno
403 1092 589 1131 exercitu
614 1091 721 1131 locis
742 1091 1023 1140 aequioribus
1045 1090 1273 1139 expeditus
1294 1091 1337 1129 in
1358 1090 1462 1140 fuga

112 1156 374 1202 sequeretur.
402 1151 479 1191 sed
495 1150 678 1190 Catilina
701 1155 933 1199 postquam
955 1149 1073 1189 videt
1094 1149 1315 1189 montibus
1330 1153 1462 1198 atque

113 1212 251 1261 copiis
265 1211 457 1250 hostium
474 1221 571 1250 sese
587 1210 796 1255 clausum,
818 1210 860 1248 in
877 1209 981 1248 urbe
997 1220 1063 1248 res
1078 1208 1300 1254 advorsas,
1318 1218 1462 1257 neque

113 1271 242 1321 fugae
268 1281 413 1320 neque
435 1269 621 1319 praesidi
643 1269 775 1309 ullam
798 1279 933 1318 spem,
960 1271 1189 1317 optumum
1211 1267 1323 1307 factu
1345 1272 1461 1306 ratus
1481 1271 1519 1299 20

114 1331 156 1369 in
183 1330 255 1369 tali
283 1341 327 1369 re
353 1329 568 1369 fortunam
595 1327 697 1368 belli
725 1332 946 1377 temptare,
974 1328 1120 1366 statuit
1147 1338 1244 1366 cum
1269 1326 1462 1366 Antonio

114 1400 246 1439 quam
293 1389 476 1438 primum
523 1387 769 1438 confligere.
821 1388 967 1436 itaque
1006 1387 1210 1426 contione
1248 1385 1464 1425 advocata

115 1449 296 1488 huiusce
323 1448 443 1487 modi
471 1448 711 1487 orationem
740 1447 906 1485 habuit:

174 1503 471 1556 ‘Compertum
499 1517 582 1556 ego
610 1506 765 1552 habeo,
794 1505 963 1551 milites,
991 1504 1123 1544 verba
1149 1504 1349 1543 virtutem
1374 1514 1462 1543 non

116 1567 288 1612 addere,
325 1577 468 1615 neque
505 1577 557 1605 ex
593 1566 755 1615 ignavo
792 1569 1013 1604 strenuom
1050 1574 1194 1612 neque
1226 1563 1377 1603 fortem
1412 1567 1520 1602 ex25
1584 1606 1588 1607 ⁷

69 1630 90 1663 2
116 1626 268 1666 timido
279 1626 511 1665 exercitum
523 1625 717 1665 oratione
728 1624 997 1673 imperatoris
1007 1623 1109 1662 fieri.
1118 1627 1280 1671 quanta
1289 1622 1465 1671 quoius-

71 1868 91 1899 3

71 1987 92 2018 4

118 1697 204 1736 que
237 1686 385 1724 animo
413 1684 599 1724 audacia
625 1688 777 1722 natura
804 1688 877 1722 aut
903 1682 1096 1722 moribus
1123 1682 1245 1727 inest,
1277 1685 1395 1720 tanta
1421 1681 1465 1719 in

119 1744 234 1784 bello
269 1748 415 1793 patere
448 1743 569 1784 solet.
614 1754 744 1792 quem
773 1753 916 1791 neque
943 1741 1080 1791 gloria
1106 1751 1250 1789 neque
1276 1739 1467 1789 pericula

121 1804 318 1850 excitant,
339 1804 606 1852 nequiquam
628 1802 814 1842 hortere:
835 1802 961 1840 timor
981 1800 1112 1839 animi
1132 1800 1307 1838 auribus
1322 1799 1466 1839 officit.

119 1863 197 1903 sed
225 1873 308 1912 ego
335 1873 428 1908 vos,
456 1873 543 1911 quo
571 1872 712 1911 pauca
738 1872 974 1906 monerem,
1001 1859 1227 1904 advocavi,
1254 1858 1382 1897 simul
1404 1859 1463 1897 uti
1483 1862 1523 1891 30

121 1933 298 1962 causam
326 1922 411 1961 mei
440 1921 593 1961 consili
621 1921 844 1970 aperirem.

179 1980 305 2020 Scitis
333 1980 550 2030 equidem,
576 1980 745 2025 milites,
773 1978 974 2019 socordia
999 1982 1131 2026 atque
1158 1977 1334 2026 ignavia
1360 1976 1466 2015 Len-

182 2097 226 2130 10
258 2100 293 2129 at
323 2106 356 2136 q.
378 2098 434 2128 vel
454 2099 526 2136 atq.
547 2097 653 2128 codd.
675 2105 710 2135 q.
730 2096 801 2127 del.
824 2094 975 2127 CNKM
1052 2094 1090 2125 11
1120 2094 1156 2125 in
1185 2101 1272 2133 agro
1298 2091 1337 2124 Ρ.
1363 2100 1466 2131 prae-

121 2145 266 2177 sidebat
290 2144 397 2177 Aras.
416 2153 574 2184 yramm.
593 2143 650 2175 Vll
672 2146 799 2181 498,23
875 2142 917 2174 14
944 2142 1055 2173 movit
1074 2140 1227 2172 PBKls
1248 2142 1369 2172 movet
1388 2140 1466 2171 rell.

184 2191 226 2224 16
252 2200 375 2231 neque
395 2216 402 2222 .
419 2216 426 2223 .
442 2216 450 2223 .
470 2194 682 2230 sequeretur
706 2191 821 2222 Prisc.
841 2199 998 2229 yramm.
1018 2188 1067 2220 III
1083 2191 1156 2226 343,
1170 2191 1212 2219 20
1285 2186 1327 2218 17
1353 2194 1466 2225 expe·

123 2240 218 2272 ditus
239 2239 348 2271 multi
367 2239 449 2271 edd.
463 2239 657 2277 expeditos
676 2238 783 2269 codd.
798 2239 835 2269 et
853 2237 979 2274 Prisc„
997 2236 1162 2276 fortasse
1182 2244 1261 2267 cum
1276 2233 1467 2266 Dietschio

123 2287 377 2320 scribendum:
403 2286 596 2324 expeditus
622 2285 820 2324 impeditos
893 2283 938 2315 26
965 2284 1097 2323 cuique
1123 2282 1196 2313 Ym
