1593 2496
352 62 557 98 BELLUM
586 61 948 98 IUGURTHINUM
977 66 1116 98 60-—62
1335 68 1415 108 103

69 180 168 221 erat,
202 175 346 214 multis
374 174 758 224 pollicitationibus
786 174 1044 224 aggreditur.
1084 186 1134 213 ac
1162 176 1299 223 primo
1328 175 1417 215 effi-

69 236 134 280 cit,
158 235 215 274 uti
236 234 290 273 ad
313 245 360 273 se
380 233 679 283 conloquundi
701 235 838 283 gratia
854 233 1048 273 occultus
1063 235 1222 279 veniat;
1257 235 1416 274 deinde

68 294 154 334 fide
182 294 294 339 data,
327 294 361 332 si
389 292 636 342 Iugurtham
669 293 818 332 vivom
853 297 926 332 aut
953 297 1154 332 necatum
1182 294 1263 332 sibi
1291 294 1417 333 tradi-

70 353 214 399 disset,
235 352 325 392 fore
345 357 391 392 ut
412 352 470 390 illi
492 356 668 391 senatus
691 353 977 401 inpunitatem
1000 357 1040 391 et
1059 363 1139 391 sua
1154 354 1301 392 omnia
1317 364 1417 393 con-

27 415 45 442 5
71 412 252 458 cederet,
279 411 403 451 facile
424 411 641 450 Numidae
663 412 905 460 persuadet,
927 423 1061 461 quom
1083 413 1260 462 ingenio
1282 412 1417 452 infido
1445 422 1466 454 5

69 477 157 511 turn
186 472 406 517 metuenti,
439 482 505 516 ne,
532 471 566 510 si
595 482 678 520 pax
706 482 803 510 cum
832 470 1039 511 Romanis
1066 471 1196 517 fieret,
1224 473 1317 521 ipse
1345 483 1419 521 per

69 531 350 570 condiciones
383 530 437 569 ad
471 530 732 579 supplicium
766 531 1011 570 traderetur.
1052 531 1098 576 is,
1131 531 1204 570 ubi
1233 532 1488 580 primum62

69 594 360 639 opportunum
387 590 474 635 fuit,
501 588 749 639 Iugurtham
771 591 947 628 anxium
969 601 1019 629 ac
1041 591 1316 630 miserantem
1338 590 1418 630 for-

69 654 195 688 tunas
222 660 324 688 suas
350 649 534 694 adcedit,
564 654 712 688 monet
739 654 870 698 atque
897 649 1140 688 lacrumans
1169 650 1418 695 obtestatur,

15 711 50 738 10
69 709 128 747 uti
163 708 399 758 aliquando
433 708 514 747 sibi
547 707 780 758 liberisque
814 713 854 748 et
884 709 1002 758 genti
1029 708 1314 748 Numidarum
1343 720 1419 758 op-

68 772 186 807 tume
219 768 396 807 meritae
426 767 669 816 provideat:
704 768 907 807 omnibus
936 768 1110 817 proeliis
1138 779 1235 808 sese
1266 770 1417 814 victos,

69 837 219 877 agrum
246 831 475 873 vastatum,
503 827 663 867 multos
691 827 883 866 mortalis
911 833 1061 877 captos
1089 829 1270 874 occisos,
1298 829 1416 878 regni

69 897 177 935 opes
205 887 479 926 conminutas
501 897 614 931 esse;
641 887 744 925 satis
766 897 899 936 saepe
920 888 1005 926 iam
1028 892 1069 926 et
1088 888 1289 927 virtutem
1311 887 1418 926 mili-

69 950 159 984 tum
194 950 234 985 et
261 946 474 985 fortunam
509 950 781 995 temptatam;
809 951 972 992 caveat,
1006 958 1061 986 ne
1089 947 1161 986 illo
1190 952 1418 986 cunctante

15 1006 49 1033 ¹5
71 1004 286 1044 Numidae
319 1005 400 1044 sibi
428 1005 666 1044 consulant.
706 1005 772 1043 his
800 1011 930 1055 atque
957 1006 1115 1045 talibus
1143 1006 1237 1045 aliis
1265 1006 1320 1045 ad
1347 1006 1420 1046 de-
1447 1024 1470 1056 2

69 1064 278 1104 ditionem
306 1065 418 1113 regis
439 1065 632 1103 animum
655 1064 831 1114 inpellit.
870 1066 1094 1104 mittuntur
1114 1065 1168 1104 ad
1191 1067 1419 1115 imperato-
1446 1083 1470 1116 3

67 1134 156 1162 rem
179 1123 321 1173 legati,
342 1124 415 1173 qui
430 1124 677 1173 Iugurtham
700 1125 910 1173 imperata
930 1124 1140 1164 facturum
1163 1125 1353 1164 dicerent
1368 1136 1419 1164 ac

69 1183 162 1222 sine
190 1183 277 1222 ulla
304 1184 505 1232 pactione
529 1194 626 1222 sese
646 1195 918 1233 regnumque
939 1195 1065 1224 suom
1088 1185 1130 1223 in
1152 1184 1265 1223 illius
1286 1184 1417 1224 fidem

69 1242 246 1281 tradere.
286 1242 484 1282 Metellus
518 1254 700 1291 propere
733 1247 911 1282 cunctos
945 1245 1148 1283 senatorii
1177 1244 1338 1283 ordinis
1367 1255 1418 1283 ex
1445 1250 1466 1281 4

14 1302 50 1329 20
70 1300 259 1340 hibernis
287 1303 447 1341 accersi
474 1302 611 1346 iubet;
639 1313 787 1341 eorum
817 1307 857 1341 et
878 1302 1073 1349 aliorum,
1100 1314 1212 1352 quos
1234 1303 1419 1343 idoneos

70 1360 267 1406 ducebat,
295 1361 523 1400 consilium
552 1361 693 1400 habet.
732 1362 788 1400 ita
816 1373 936 1401 more
958 1363 1170 1401 maiorum
1193 1374 1245 1401 ex
1266 1362 1419 1402 consili
1447 1369 1467 1400 5

70 1419 242 1459 decreto
265 1431 339 1469 per
358 1419 527 1469 legatos
542 1420 771 1470 Iugurthae
793 1421 973 1470 imperat
991 1422 1155 1471 argenti
1171 1422 1320 1470 pondo
1343 1422 1423 1461 du·

70 1484 195 1518 centa
217 1479 345 1524 milia,
367 1479 623 1528 elephantos
645 1481 798 1526 omnis,
821 1492 1032 1530 equorum
1053 1485 1093 1520 et
1111 1492 1328 1520 armorum
1345 1481 1418 1520 ali-

71 1543 293 1587 quantum.
333 1550 446 1587 quae
479 1543 710 1588 postquam
745 1540 838 1579 sine
871 1551 992 1579 mora
1019 1540 1130 1579 facta
1158 1545 1268 1586 sunt,
1301 1541 1419 1580 iubet
1446 1547 1467 1578 6

15 1597 51 1625 25
72 1598 213 1636 omnis
242 1597 442 1647 perfugas
467 1599 638 1637 vinctos
660 1599 829 1639 adduci.
869 1611 1018 1639 eorum
1040 1610 1201 1649 magna
1222 1611 1331 1649 pars,
1359 1601 1419 1639 uti
1447 1605 1468 1637 7

71 1657 236 1695 iussum
253 1661 351 1702 erat,
373 1657 566 1703 adducti;
582 1659 720 1706 pauci,
741 1670 874 1707 quom
889 1659 1072 1707 primum
1087 1659 1250 1699 deditio
1265 1660 1419 1708 coepit,

70 1715 125 1754 ad
154 1727 298 1765 regern
320 1715 536 1756 Bocchum
565 1717 607 1755 in
629 1717 940 1757 Mauretaniam
966 1718 1171 1758 abierant.
1210 1719 1337 1768 igitur
1356 1718 1418 1758 Iu-
1446 1736 1469 1767 8

71 1775 236 1824 gurtha,
257 1775 330 1814 ubi
352 1777 480 1814 armis
500 1777 690 1825 virisque
706 1781 747 1816 et
762 1778 947 1826 pecunia
961 1777 1172 1826 spoliatus
1188 1782 1263 1823 est,
1284 1789 1418 1827 quom

73 1835 167 1882 ipse
194 1835 248 1873 ad
277 1835 578 1884 imperandum
605 1835 816 1875 Tisidium
842 1841 1080 1882 vocaretur,
1106 1848 1250 1876 rursus
1277 1838 1420 1886 coepit

17 1895 53 1922 3⁰
72 1893 243 1933 flectere
271 1895 463 1933 animum
491 1906 618 1934 suom
647 1899 687 1934 et
715 1906 766 1934 ex
793 1896 908 1934 mala
933 1897 1198 1935 conscientia
1219 1896 1351 1946 digna
1372 1897 1420 1935 ti-

73 1963 200 1992 mere.
235 1952 423 2002 denique
434 1954 580 1992 multis
596 1954 750 1993 diebus
766 1966 841 2003 per
856 1955 1171 1995 dubitationem
1189 1967 1418 2004 consump-
1446 1960 1470 1992 9

72 2012 137 2057 tis,
165 2023 297 2061 quom
325 2013 458 2052 modo
486 2013 631 2053 taedio
660 2024 797 2053 rerum
825 2014 1107 2054 advorsarum
1135 2016 1282 2054 omnia
1303 2014 1417 2054 bello

132 2128 152 2159 5
179 2128 285 2159 facile
311 2127 354 2160 N.
376 2131 570 2167 persuadet
596 2131 702 2162 Arus.
723 2140 878 2169 qramm.
899 2131 956 2162 VII
973 2134 1044 2169 507,
1059 2135 1100 2162 24
1177 2131 1197 2162 6
1224 2140 1271 2163 ne
1297 2132 1327 2163 si
1354 2131 1418 2163 CB

72 2173 135 2213 (ne
155 2185 183 2207 s.
204 2173 249 2209 s.)
283 2171 437 2207 NK²sm
469 2178 539 2208 nisi
571 2173 826 2209 PAK¹T²D²1
853 2179 883 2209 si
910 2175 973 2216 (ne
994 2177 1080 2217 om.)
1108 2174 1346 2210 A²HT¹D¹F
1372 2188 1419 2211 ne

71 2223 102 2254 si
129 2232 199 2254 om.
220 2222 287 2253 Mn
363 2223 403 2255 11
434 2226 581 2256 meritae
607 2224 724 2256 XKls
751 2226 900 2257 merenti
928 2227 1005 2257 rell.
1082 2226 1124 2258 19
1152 2226 1290 2258 tradere
1308 2226 1419 2257 Xlsn

71 2270 321 2349 gaderetllYm
390 2270 434 2302 28
461 2280 570 2310 quom
588 2296 616 2304 ..
632 2295 639 2304 .
655 2276 843 2304 vocaretur
861 2272 961 2305 Serv.
983 2274 1046 2306 ecl.
1067 2277 1097 2312 8,
1115 2277 1149 2305 71
1202 2282 1281 2305 cum
1304 2273 1418 2305 AYm

97 2324 157 2348 um
182 2325 221 2350 re
253 2341 261 2351 .
