1593 2496
382 71 657 109 CATILINAE
685 70 1002 107 CONIURATIO
1032 74 1158 106 20-23
1393 77 1444 115 19

95 187 269 226 dimisit.
321 185 440 225 fuere
486 195 537 224 ea
576 188 834 232 tempestate
874 184 946 232 qui
984 183 1174 222 dicerent
1215 182 1510 222 Catilinam22

96 247 291 286 oratione
318 245 478 289 habita.
504 254 639 293 quom
667 243 722 282 ad
750 243 816 282 ius
845 242 1073 282 iurandum
1103 242 1325 291 popularis
1353 254 1443 282 sce-

96 305 194 345 leris
215 305 280 344 sui
303 304 508 354 adigeret,
530 303 708 341 humani
731 303 922 351 corporis
944 302 1204 351 sanguinem
1226 303 1329 341 vino
1352 313 1443 351 per-

96 365 276 404 mixtum
306 364 348 402 in
377 363 536 412 pateris
564 361 894 401 circumtulisse:
929 360 1030 400 inde
1057 372 1191 410 quom
1221 365 1319 410 post
1346 372 1443 400 exe·
1470 371 1490 402 2

58 435 76 462 5
95 424 330 463 crationem
359 433 514 462 omnes
541 421 906 471 degustavissent‚
932 420 1057 460 sicuti
1085 421 1126 459 in
1154 420 1442 460 sollemnibus

95 483 226 522 sacris
254 482 344 521 fieri
371 481 610 527 consuevit,
638 480 862 529 aperuisse
890 479 1121 520 consilium
1143 491 1282 525 suom,
1311 484 1442 529 atque

95 552 148 582 eo
184 537 443 590 [dict]ita[re]
477 541 645 585 fecisse,
679 551 766 589 quo
799 539 907 578 inter
941 550 988 579 se
1021 538 1096 578 fidi
1130 540 1270 589 magis
1305 539 1443 579 forent

93 601 205 641 alius
239 600 310 640 alii
337 601 441 639 tanti
469 600 671 639 facinoris
698 600 874 639 conscii.
914 598 1112 638 nonnulli
1140 598 1239 638 ficta
1267 604 1307 638 et
1334 598 1443 638 haec
1470 603 1490 634 3

95 665 136 700 et
169 660 304 699 multa
338 664 559 709 praeterea
592 659 913 698 existumabant
940 658 995 697 ab
1023 658 1087 703 iis,
1120 659 1194 707 qui
1223 657 1443 698 Ciceronis

41 730 76 758 ιο
95 719 304 759 invidiam
344 730 457 769 quae
497 722 650 767 postea
689 722 780 758 orta
815 723 878 757 est
911 717 1033 757 leniri
1067 717 1302 757 credebant
1334 722 1444 757 atro-

95 780 222 818 citate
256 778 429 818 sceleris
462 789 625 823 eorum,
659 778 731 826 qui
768 788 935 826 poenas
969 776 1189 816 dederant.
1231 777 1358 817 nobis
1392 788 1443 816 ea

95 849 161 878 res
189 849 264 887 pro
293 837 595 887 magnitudine
622 848 773 886 parum
803 841 1025 885 comperta
1052 841 1126 876 est.

155 897 240 937 Sed
275 898 318 936 in
352 908 403 937 ea
437 897 737 937 coniuratione
770 896 847 935 fuit
881 893 931 939 Q.
961 895 1132 941 Curius,
1164 901 1291 935 natus
1327 897 1444 935 haud
1460 895 1514 936 23

96 957 282 996 obscuro
328 956 444 1002 loco,
491 955 667 1005 flagitiis
713 960 843 1004 atque
888 955 1153 995 facinoribus
1199 961 1442 1004 coopertus,

41 1028 76 1055 15
96 1027 226 1065 quem
267 1027 469 1055 censores
509 1020 662 1054 senatu
703 1015 845 1063 probri
885 1015 1022 1064 gratia
1058 1021 1296 1054 moverant.
1344 1015 1443 1054 huic
1471 1019 1490 1050 2

95 1075 261 1115 homini
289 1086 378 1115 non
406 1075 547 1114 minor
566 1075 736 1113 vanitas
758 1075 894 1113 inerat
916 1085 1047 1123 quam
1070 1074 1271 1114 audacia:
1300 1086 1444 1123 neque

95 1135 270 1174 reticere
303 1145 416 1184 quae
449 1134 656 1180 audierat,
689 1144 833 1182 neque
867 1138 1036 1173 suamet
1064 1134 1157 1183 ipse
1185 1134 1348 1173 scelera
1376 1145 1445 1173 oc-

94 1193 267 1239 cultare,
301 1205 475 1243 prorsus
508 1204 653 1243 neque
686 1193 829 1232 dicere
862 1204 1006 1242 neque
1041 1193 1180 1232 facere
1207 1194 1442 1242 quicquam

95 1254 219 1302 pensi
266 1253 466 1293 habebat.
518 1257 607 1292 erat
646 1253 684 1291 ei
724 1263 822 1291 cum
862 1251 1031 1297 Fulvia,
1076 1252 1256 1292 muliere
1296 1252 1443 1298 nobili,
1471 1257 1491 1288 3

38 1323 76 1353 20
96 1313 228 1361 stupri
255 1317 381 1352 vetus
409 1311 696 1351 consuetudo.
736 1312 840 1360 quoi
863 1323 960 1350 cum
982 1312 1126 1350 minus
1147 1316 1294 1361 gratus
1317 1318 1443 1357 esset,

94 1372 197 1421 quia
244 1372 391 1420 inopia
436 1372 580 1410 minus
625 1370 765 1420 largiri
806 1375 989 1419 poterat,
1035 1376 1212 1420 repente
1251 1371 1442 1421 glorians

96 1432 228 1469 maria
269 1431 517 1479 montisque
558 1429 749 1479 polliceri
786 1431 931 1479 coepit
964 1434 1005 1469 et
1039 1431 1192 1469 minari
1227 1431 1442 1470 interdum

95 1490 216 1535 ferro,
250 1491 293 1528 ni
326 1490 408 1529 sibi
442 1489 634 1529 obnoxia
666 1489 785 1534 foret,
819 1494 1038 1538 postremo
1066 1489 1252 1529 ferocius
1279 1491 1443 1540 agitare

95 1560 226 1598 quam
261 1548 413 1589 solitus
447 1553 547 1588 erat.
585 1552 628 1587 at
654 1548 805 1588 Fulvia
838 1545 1155 1598 insolentia<e>
1183 1548 1280 1589 Curi
1312 1560 1443 1589 causa
1471 1554 1491 1584 4

39 1609 270 1658 ascognita
314 1608 399 1647 tale
445 1608 682 1657 periculum
727 1609 785 1647 rei
827 1608 1028 1657 publicae
1067 1608 1184 1647 haud
1226 1609 1443 1649 occultum

97 1667 256 1713 habuit,
291 1667 368 1707 sed
402 1667 574 1707 sublato
608 1672 784 1707 auctore
817 1667 871 1706 de
900 1666 1110 1707 Catilinae
1144 1669 1443 1707 coniuratione

96 1738 210 1776 quae
237 1738 415 1776 quoque
442 1727 576 1766 modo
604 1726 799 1766 audierat
827 1726 1122 1775 compluribus
1149 1729 1348 1767 narravit.

158 1808 269 1839 1—12
292 1809 336 1847 ef.
351 1808 448 1840 Flor.
464 1810 551 1848 epit.
565 1812 595 1846 2,
607 1812 656 1847 12,
671 1813 689 1840 4
705 1807 826 1840 Schol.
842 1808 927 1840 Stat
945 1808 1053 1840 Theb.
1068 1812 1097 1846 5,
1116 1812 1173 1840 159
1224 1808 1244 1839 2
1260 1817 1371 1847 quom
1390 1834 1396 1840 .
1412 1834 1419 1840 .
1436 1834 1444 1840 .

95 1855 258 1895 adigeret
291 1855 482 1895 Ellyraplz.
507 1856 584 1888 Ter.
604 1855 754 1888 Phorm.
773 1860 813 1887 35
871 1855 1056 1894 popularis
1082 1856 1230 1887 sceleris
1266 1856 1320 1887 sui
1348 1855 1443 1888 Don.

99 1902 177 1934 Ter.
197 1903 346 1935 Phorm.
365 1907 406 1934 35
485 1903 506 1935 3
533 1903 696 1942 adigeret
720 1903 910 1943 Euyrcmlz.
931 1903 1091 1935 adiceret
1116 1904 1224 1935 codd.
1302 1903 1321 1934 7
1349 1913 1443 1935 corr.

95 1949 246 1981 Dietsclz
268 1947 447 1988 (dictitare
467 1960 510 1982 ex
528 1951 659 1990 ylossa
680 1951 753 1982 dict
772 1953 808 1982 et
827 1951 876 1982 ita
897 1952 1063 1982 exortum
1085 1949 1259 1989 videtur),
1280 1952 1444 1990 sortasse

96 1997 255 2028 divinam
283 2006 368 2029 rem.
421 1998 463 2030 13
490 1998 556 2029 sed
572 2023 579 2030 .
595 2022 602 2029 .
619 2022 625 2029 .
641 2001 836 2037 coopertus
857 1998 950 2029 Non.
963 2007 1001 2037 ρ.
1014 2001 1086 2036 310,
1098 2002 1117 2029 5
1169 2001 1274 2030 natus
1291 2023 1297 2029 .
1314 2023 1321 2029 .
1338 2023 1345 2030 .
1361 1998 1443 2030 loco

95 2044 190 2076 Νοη.
208 2054 244 2084 ρ.
264 2047 336 2083 341,
353 2048 392 2076 16
443 2045 484 2076 15
500 2045 620 2084 probri
634 2045 748 2085 gratia
763 2045 914 2085 Agyl-occ.
929 2054 1085 2084 qramm.
1100 2045 1156 2077 Vll
1170 2049 1239 2083 119,
1257 2049 1296 2077 16
1310 2054 1443 2084 oppro-

96 2092 161 2123 brii
175 2091 326 2130 Aqroec.
379 2090 578 2131 moverant]
601 2096 812 2125 amoverant
832 2093 858 2124 P
873 2102 893 2123 a
907 2102 936 2123 s.
951 2102 980 2124 s.
992 2092 1025 2124 A
1038 2092 1141 2124 CTm
1204 2093 1248 2124 22
1261 2094 1372 2124 maria
1388 2118 1395 2124 .
1413 2118 1420 2124 .
1437 2118 1443 2124 .

95 2140 219 2178 coepit
238 2139 333 2171 Don.
358 2139 436 2171 Ter.
456 2140 604 2172 Phorm.
625 2144 664 2171 68
682 2140 872 2180 Eum-apli.
898 2140 974 2171 Ter.
995 2140 1144 2172 Plzorm.
1158 2144 1197 2171 68
1248 2141 1372 2171 minari
1389 2165 1397 2172 .
1413 2166 1420 2172 .
1435 2164 1443 2172 .

95 2185 187 2218 foret
203 2186 293 2218 Gell.
314 2184 405 2226 6(7),
428 2191 476 2225 17,
494 2192 512 2219 7
559 2185 753 2226 interdum]
775 2188 882 2219 etiam
906 2187 999 2219 Gell.
1073 2187 1117 2220 23
1139 2188 1175 2219 ni
1196 2188 1265 2219 sibi
1286 2183 1445 2219 PC2BK

97 2232 188 2265 Gell.
210 2234 279 2265 nisi
306 2235 375 2265 sibi
403 2243 419 2265 s
446 2235 516 2266 nisi
542 2230 762 2266 AC¹Ylnm
783 2235 826 2266 ni
846 2235 871 2266 F
922 2234 966 2266 24
993 2235 1212 2267 insolentiae
1233 2235 1370 2267 οων-,Ν
1390 2236 1444 2266 in-

96 2281 253 2313 solentia
279 2282 355 2313 rell.
379 2283 486 2314 codd.
547 2282 592 2313 27
607 2291 703 2321 quae
729 2291 877 2321 quoque
899 2283 1009 2314 modo
1031 2277 1272 2314 A²NKMsm
1294 2291 1389 2321 quae
1409 2286 1445 2313 et

96 2328 284 2367 quomodo
311 2322 431 2360 A²Bn
464 2338 559 2368 quae
591 2332 627 2361 et
659 2338 808 2368 quoque
842 2330 950 2361 modo
978 2329 1005 2361 C
1032 2338 1127 2368 quae
1152 2330 1339 2368 quomodo
1367 2330 1445 2363 rell.
