1593 2496
136 72 192 111 74
564 65 605 102 C,
625 65 868 102 SALLUSTI
897 65 1054 103 CRISPI

138 189 299 227 precor.
344 188 478 228 regno
506 176 750 224 Numidiae,
783 178 902 227 quod
935 183 1128 218 vostrum
1162 183 1237 225 est,
1270 180 1331 219 uti
1357 179 1489 227 lubet,

138 237 369 283 consulite;
405 248 476 277 me
502 237 714 277 >manibus
749 238 879 287 inpiis
912 238 1074 287 eripite,
1110 249 1184 287 per
1216 239 1488 278 maiestatem

139 297 303 346 imperi,
336 307 411 346 per
437 296 653 336 amicitiae
679 296 823 342 fidem,
851 297 886 336 si
913 296 1001 336 ulla
1027 297 1144 346 apud
1170 309 1251 337 vos
1278 298 1488 338 memoria

138 359 332 395 remanet
358 356 428 394 avi
455 356 540 395 mei
568 351 853 395 Masinissae.’

73 418 130 456 25
200 414 276 454 His
310 414 458 454 litteris
491 415 676 454 recitatis
709 414 827 454 fuere
859 415 932 465 qui
966 415 1198 455 exercitum
1232 416 1274 455 in
1300 415 1488 455 Africam
1527 425 1547 452 5

140 474 402 514 mittundum
437 478 662 513 censerent
689 478 731 513 et
757 485 888 523 quam
917 475 1101 524 primum
1127 473 1364 514 Adherbali
1391 475 1489 514 sub-

139 532 430 578 veniundum;
457 533 511 573 de
538 533 741 583 Iugurtha
768 534 936 573 interim
963 535 1023 573 uti
1051 534 1357 581 consuleretur,
1384 545 1490 584 quo-

93 600 114 631 2
141 594 258 631 niam
295 592 449 642 legatis
484 603 573 632 non
610 593 833 642 paruisset.
879 593 956 632 sed
993 593 1048 632 ab
1084 593 1222 633 isdem
1259 593 1342 632 illis
1378 594 1491 643 regis

140 651 380 691 fautoribus
407 662 579 691 summa
605 663 690 701 ope
717 652 899 698 enisum,
926 663 981 692 ne
1007 652 1092 692 tale
1120 652 1339 692 decretum
1360 652 1492 692 fieret.

93 718 114 750 3
142 712 200 750 ita
238 711 403 751 bonum
444 711 678 760 publicum,
717 712 777 750 uti
813 712 855 750 in
893 711 1110 761 plerisque
1145 712 1333 762 negotiis
1368 711 1492 758 solet,
1512 720 1546 748 10

93 778 114 809 4
143 771 309 820 privata
347 771 484 820 gratia
523 770 754 810 devictum.
805 769 1002 820 legantur
1039 775 1185 810 tamen
1224 772 1267 810 in
1303 770 1492 811 Africam

142 830 329 870 maiores
350 834 454 868 natu
475 829 657 875 nobiles,
684 829 841 879 amplis
862 830 1101 870 honoribus
1121 831 1202 870 usi.
1234 831 1276 870 in
1297 831 1395 880 quis
1416 830 1494 870 fuit

143 889 198 929 M.
220 888 419 935 Scaurus,
453 889 507 928 de
534 900 621 938 quo
650 900 781 938 supra
807 890 1159 935 memoravimus,
1186 889 1425 929 consularis
1452 894 1493 929 et

95 956 116 987 5
143 953 233 988 tum
255 952 432 988 senatus
454 949 666 997 princeps.
699 949 739 995 ii,
766 948 885 997 quod
908 960 973 988 res
994 950 1037 988 in
1058 949 1222 988 invidia
1243 953 1344 995 erat,
1363 948 1492 988 simul

144 1012 186 1047 et
211 1008 266 1046 ab
288 1007 488 1047 Numidis
509 1007 734 1054 obsecrati,
761 1007 902 1048 triduo
923 1019 1082 1047 navem
1104 1008 1352 1048 ascendere.
1391 1008 1493 1048 dein
1514 1016 1548 1044 15

144 1067 263 1106 brevi
303 1066 471 1106 Uticam
512 1067 684 1116 adpulsi
723 1067 882 1106 litteras
921 1068 976 1106 ad
1016 1067 1263 1117 Iugurtham
1304 1069 1493 1107 mittunt:

146 1138 278 1176 quam
306 1127 524 1166 ocissume
551 1126 606 1165 ad
634 1127 903 1175 provinciam
931 1126 1127 1173 adcedat,
1153 1138 1289 1176 seque
1315 1127 1371 1166 ad
1393 1138 1493 1166 eum

99 1193 120 1224 6
147 1186 202 1225 ab
229 1190 385 1225 senatu
405 1187 575 1226 missos.
615 1185 686 1225 ille
707 1186 780 1225 ubi
802 1186 969 1234 accepit
989 1185 1189 1225 homines
1211 1186 1362 1233 claros,
1388 1197 1494 1236 quo-

145 1257 237 1284 rum
271 1246 569 1285 auctoritatem
597 1244 761 1285 Romae
795 1244 959 1294 pollere
992 1245 1227 1291 audiverat,
1260 1249 1408 1285 contra
1434 1246 1495 1284 in-

146 1309 319 1354 ceptum
341 1316 468 1344 suom
488 1305 675 1350 venisse,
697 1305 835 1353 primo
858 1309 1088 1344 conmotus
1109 1309 1226 1344 metu
1241 1309 1373 1354 atque
1388 1304 1495 1344 lubi·
1514 1311 1550 1340 20

99 1371 118 1401 7
147 1364 247 1403 dine
269 1363 469 1403 divorsus
490 1364 749 1414 agitabatur:
772 1363 951 1403 timebat
972 1364 1076 1402 iram
1098 1368 1286 1410 senatus,
1307 1365 1350 1403 ni
1371 1375 1495 1413 paru-

146 1424 249 1462 isset
269 1423 440 1471 legatis;
462 1434 588 1472 porro
609 1424 780 1462 animus
802 1423 1006 1472 cupidine
1027 1434 1182 1462 caecus
1203 1423 1259 1462 ad
1274 1424 1494 1473 inceptum

100 1488 121 1519 8
148 1482 289 1521 scelus
323 1482 529 1531 rapiebat.
573 1483 675 1521 vicit
707 1486 852 1521 tamen
880 1483 923 1521 in
950 1483 1081 1522 avido
1109 1483 1285 1532 ingenio
1314 1493 1495 1532 pravom

98 1548 120 1579 9
147 1541 388 1581 consilium.
427 1542 554 1591 igitur
581 1542 767 1581 exercitu
795 1541 1059 1581 circumdato
1082 1553 1253 1581 summa
1272 1543 1315 1581 vi
1337 1540 1495 1581 Cirtam

146 1602 392 1650 inrumpere
424 1602 579 1647 nititur,
611 1611 816 1640 maxume
849 1612 1028 1650 sperans
1056 1601 1231 1640 diducta
1257 1612 1390 1640 manu
1421 1600 1496 1640 ho·
1515 1606 1551 1634 25

149 1661 278 1699 stium
306 1665 379 1699 aut
404 1661 447 1699 vi
468 1664 541 1699 aut
562 1659 673 1699 dolis
695 1671 792 1699 sese
814 1671 962 1699 casum
983 1661 1188 1700 victoriae
1209 1661 1497 1700 inventurum.

92 1725 134 1757 10
150 1720 268 1768 quod
296 1719 369 1759 ubi
397 1731 522 1759 secus
539 1719 741 1768 ‘procedit
760 1730 905 1768 neque
925 1720 1044 1769 quod
1065 1719 1307 1759 intenderat
1327 1718 1497 1759 efficere

149 1783 304 1827 potest,
337 1783 394 1825 ut,
428 1780 545 1828 prius
579 1789 709 1827 quam
744 1778 912 1828 legatos
945 1779 1205 1824 conveniret,
1236 1778 1496 1818 Adherbalis

149 1839 364 1886 potiretur,
398 1849 453 1878 ne
486 1838 672 1887 amplius
703 1838 914 1878 morando
943 1837 1164 1884 Scaurum,
1196 1849 1327 1887 quem
1355 1837 1497 1887 pluru-

149 1907 268 1936 mum
307 1897 539 1943 metuebat,
578 1897 838 1942 incenderet,
878 1908 975 1936 cum
1012 1898 1161 1946 paucis
1198 1896 1417 1946 equitibus
1451 1897 1550 1935 in3⁰

209 2038 229 2069 2
258 2038 426 2069 manibus
451 2037 603 2069 VPBls
677 2045 723 2069 ex
750 2046 845 2070 man.
866 2038 944 2069 rell.
1030 2036 1051 2067 9
1077 2037 1219 2068 enisum
1247 2032 1498 2068 P¹A¹N¹lsm

149 2085 291 2117 enisum
331 2082 483 2124 (nisum)
522 2089 577 2117 est
610 2085 688 2116 rell.
789 2084 832 2116 14
858 2085 895 2116 in
921 2087 1049 2116 senatu
1076 2079 1294 2116 A²CBlmn
1388 2083 1430 2115 15
1450 2084 1498 2115 ab

150 2132 214 2164 PB
242 2141 262 2163 a
289 2132 368 2164 rell.
431 2140 561 2164 navem
587 2127 861 2164 P¹ACN¹M1s
888 2132 1007 2163 navim
1036 2132 1112 2163 rell.
1193 2131 1237 2163 23
1264 2132 1427 2170 rapiebat
1451 2125 1498 2162 Ρ1

150 2180 229 2212 le
256 2180 462 2218 rapiebatur
481 2181 559 2212 rell.
627 2179 671 2211 25
693 2179 840 2211 diducta
859 2179 1101 2211 NTDanm
1123 2179 1204 2211 ded.
1227 2178 1303 2210 HM
1324 2179 1432 2210 ducta
1446 2178 1498 2209 Xl

210 2226 254 2258 28
281 2230 318 2257 ut
339 2249 346 2258 .
363 2250 370 2258 .
386 2250 394 2258 .
417 2228 589 2266 potiretur
607 2226 750 2266 Νοη.ρ.
764 2230 836 2261 498,
847 2230 888 2258 29
907 2226 1012 2258 Arus.
1027 2235 1184 2265 yramm.
1203 2226 1260 2257 Vll
1278 2229 1350 2264 498,
1363 2230 1383 2257 4
1397 2225 1497 2257 Serv.

150 2274 237 2306 Aen.
262 2277 293 2312 3,
307 2277 369 2305 278
449 2275 658 2313 priusquam
686 2298 693 2305 .
719 2298 727 2306 .
751 2297 760 2306 .
789 2274 962 2313 potiretur
996 2274 1111 2305 Pm'sc.
1136 2282 1293 2313 ,qt-amm.
1319 2273 1369 2304 III
1391 2276 1498 2312 3344

211 2321 255 2353 29
282 2325 464 2360 poteretur
490 2322 597 2355 Aras.
