1593 2496
12 717 45 744 10

10 1014 44 1040 15

6 1902 43 1930 30

372 62 572 99 BELLUN
598 61 962 98 IUGURTHINUM
990 64 1131 98 62—65
1333 68 1413 108 105

125 175 254 226 Igitur
287 176 359 215 ubi
387 175 547 214 Marius
582 175 820 223 haruspicis
854 174 968 213 dicta
1002 175 1158 214 eodem
1193 174 1482 214 intendere64

66 236 196 282 videt,
224 246 311 284 quo
340 234 499 284 cupido
521 235 652 273 animi
675 234 935 279 hortabatur,
962 234 1017 273 ab
1039 233 1215 273 Metello
1237 234 1415 283 petundi

68 296 203 345 gratia
230 295 482 333 missionem
511 298 644 343 rogat.
678 295 780 342 quoi
809 304 1077 343 quamquam
1104 294 1250 338 virtus,
1280 293 1418 342 gloria

67 360 198 404 atque
221 353 305 392 alia
327 353 520 402 optanda
541 353 668 393 bonis
689 353 965 402 superabant,
993 358 1137 392 tamen
1159 354 1295 392 inerat
1317 363 1418 391 con-

70 418 253 463 temptor
267 413 438 452 animus
455 417 495 452 et
507 413 722 462 superbia,
744 423 977 451 commune
990 412 1227 452 nobilitatis
1240 411 1416 451 malum.

67 474 213 522 itaque
247 473 431 521 primum
460 476 689 511 conmotus
717 471 891 511 insolita
917 483 961 511 re
988 472 1128 511 mirari
1156 472 1249 511 eius
1278 472 1418 511 consi·
1443 480 1463 512 2

67 532 169 571 lium
199 537 240 571 et
267 532 390 581 quasi
418 542 492 580 per
519 532 752 570 amicitiam
780 542 970 577 monere,
997 542 1052 570 ne
1080 536 1166 570 tam
1195 541 1329 580 prava
1356 530 1417 569 in-

67 593 226 641 ciperet
246 602 330 630 neu
353 602 482 639 super
503 590 716 630 fortunam
738 591 933 629 animum
954 595 1136 640 gereret:
1158 601 1246 629 non
1269 591 1416 629 omnia

67 651 269 689 omnibus
291 650 511 699 cupiunda
530 661 637 695 esse,
659 650 818 689 debere
834 650 893 688 illi
909 661 974 689 res
990 661 1090 689 suas
1107 650 1211 689 satis
1227 649 1415 698 placere;

67 716 286 759 postremo
315 715 484 749 caveret
511 709 554 748 id
576 714 721 758 petere
743 720 768 748 a
790 709 954 758 populo
977 709 1187 755 Romano,
1215 708 1334 758 quod
1356 708 1416 747 illi

66 770 154 808 iure
179 774 417 818 negaretur.
452 774 685 818 postquam
707 769 815 807 haec
835 773 967 817 atque
988 768 1073 807 alia
1094 768 1196 807 talia
1217 768 1323 807 dixit
1343 779 1415 807 ne·
1443 777 1463 809 3

64 840 149 878 que
177 829 348 867 animus
370 828 475 867 Mari
504 828 695 873 flectitur,
723 828 958 877 respondit,
986 828 1057 867 ubi
1085 829 1269 877 primum
1292 832 1416 876 potu-

65 889 167 927 isset
200 899 274 937 per
307 888 483 937 negotia
516 887 701 936 publica,
735 887 944 927 facturum
973 899 1072 927 sese
1099 898 1213 937 quae
1241 891 1414 936 peteret.

63 958 114 986 ac
148 952 301 996 postea
334 948 509 996 saepius
544 947 698 986 eadem
732 947 969 996 postulanti
1003 947 1131 986 fertur
1158 947 1331 992 dixisse,
1358 957 1413 985 ne
1440 950 1461 982 4

65 1006 283 1046 festinaret
311 1007 444 1045 abire:
473 1008 576 1045 satis
598 1011 763 1045 mature
785 1006 904 1045 illum
927 1018 1024 1045 cum
1046 1006 1135 1046 tilio
1157 1017 1238 1046 suo
1261 1017 1416 1045 consu-

63 1065 197 1105 latum
226 1067 468 1115 petiturum.
504 1066 539 1104 is
568 1077 619 1105 eo
648 1070 844 1114 tempore
871 1066 1157 1105 contubernio
1186 1066 1317 1115 patris
1338 1065 1417 1104 ibi-

64 1125 163 1164 dem
186 1125 408 1170 militabat,
429 1136 568 1164 annos
590 1129 716 1164 natus
740 1125 903 1164 circiter
916 1126 1082 1174 viginti.
1109 1136 1223 1174 quae
1245 1136 1310 1164 res
1326 1124 1415 1163 Ma-

64 1185 172 1223 rium
188 1196 322 1233 quom
338 1196 414 1233 pro
431 1184 609 1229 honore,
632 1195 762 1233 quem
778 1184 1036 1230 adfectabat,
1057 1189 1147 1223 tum
1164 1189 1312 1224 contra
1327 1183 1415 1223 Με-

65 1243 211 1283 tellum
239 1243 521 1283 vehementer
553 1244 820 1283 accenderat.
861 1245 919 1283 ita
953 1244 1156 1293 cupidine
1184 1248 1315 1292 atque
1342 1244 1413 1289 ira,
1441 1248 1461 1278 5

65 1304 279 1352 pessumis
302 1303 632 1348 consultoribus,
654 1304 855 1352 grassari;
878 1314 1021 1352 neque
1037 1303 1149 1342 iacto
1166 1302 1254 1342 ullo
1270 1313 1414 1351 neque

64 1362 178 1402 dicto
207 1362 434 1407 abstinere,
468 1362 586 1411 quod
615 1362 748 1402 modo
776 1363 1057 1402 ambitiosum
1084 1362 1209 1407 foret;
1244 1361 1414 1407 milites,

64 1421 222 1471 quibus
244 1422 286 1460 in
308 1421 498 1460 hibernis
519 1426 724 1470 praeerat,
747 1421 909 1461 laxiore
931 1422 1112 1471 imperio
1134 1432 1267 1470 quam
1285 1425 1414 1460 antea

65 1481 242 1526 habere;
278 1481 395 1530 apud
429 1482 734 1530 negotiatores,
768 1493 953 1530 quorum
987 1492 1148 1531 magna
1180 1480 1412 1520 multitudo

64 1539 213 1579 Uticae
236 1545 335 1585 erat,
357 1540 586 1579 criminose
607 1540 735 1580 simul
758 1546 798 1580 et
819 1541 1051 1590 magnifice
1072 1541 1127 1580 de
1142 1540 1258 1579 bello
1274 1539 1412 1589 loqui:

63 1599 243 1638 dimidia
270 1610 367 1648 pars
396 1600 604 1638 exercitus
632 1601 667 1638 si
695 1600 776 1639 sibi
802 1601 1125 1649 permitteretur,
1153 1600 1302 1648 paucis
1325 1599 1414 1638 die-

62 1658 143 1698 bus
158 1658 406 1707 Iugurtham
428 1660 470 1697 in
493 1660 654 1698 catenis
676 1659 940 1704 habiturum;
962 1659 1016 1698 ab
1039 1660 1297 1708 imperatore
1313 1670 1414 1698 con-

62 1717 176 1757 sulto
192 1718 311 1763 trahi,
327 1718 446 1766 quod
463 1718 596 1758 homo
613 1719 752 1757 inanis
769 1723 809 1758 et
824 1720 969 1768 regiae
985 1719 1215 1767 superbiae
1230 1718 1412 1766 imperio

62 1777 188 1816 nimis
211 1777 430 1825 gauderet.
459 1788 571 1826 quae
593 1779 740 1817 omnia
762 1777 844 1817 illis
867 1789 919 1817 eo
938 1778 1126 1817 firmiora
1140 1777 1411 1823 videbantur,
1439 1787 1460 1819 6

63 1836 164 1885 quia
186 1836 464 1876 diuturnitate
482 1836 584 1876 belli
599 1848 664 1876 res
681 1837 900 1876 familiaris
917 1840 1192 1886 corruperant
1208 1841 1249 1875 et
1264 1837 1411 1876 animo

63 1895 253 1943 cupienti
279 1895 385 1934 nihil
412 1897 516 1935 satis
540 1896 773 1936 festinatur.
808 1901 896 1935 erat
917 1901 1138 1945 praeterea
1159 1896 1200 1934 in
1224 1896 1411 1935 exercitu
1421 1902 1478 1942 65

63 1958 210 1993 nostro
232 1954 421 1993 Numida
443 1955 620 2004 quidam
642 1957 820 1995 nomine
842 1954 1008 2001 Gauda,
1033 1955 1344 1994 Mastanabalis
1365 1955 1412 1993 fi-

63 2013 157 2058 lius,
179 2013 435 2053 Masinissae
456 2025 607 2063 nepos,
629 2026 759 2063 quem
775 2015 957 2064 Micipsa
978 2019 1237 2054 testamento
1260 2025 1412 2053 secun-

63 2072 167 2111 dum
201 2072 405 2112 heredem
438 2074 675 2122 scripserat,
708 2074 870 2113 morbis
905 2074 1126 2113 confectus
1160 2078 1201 2112 et
1228 2073 1284 2113 ob
1313 2084 1410 2112 eam

124 2224 137 2255 1
168 2221 316 2262 Marius]
343 2223 478 2256 Marius
498 2234 579 2257 curn
600 2220 843 2257 ΡΑῙΝΚἯι
911 2225 931 2256 6
953 2226 1070 2257 mirari
1091 2227 1244 2264 primum
1264 2225 1411 2257 XNKT

121 2271 166 2303 20
192 2271 265 2303 ullo
291 2271 402 2303 Xlsn
428 2273 501 2304 alio
526 2268 612 2304 ΚΤ1
638 2273 762 2312 aliquo
784 2274 861 2305 rell.
929 2273 975 2304 29
996 2274 1082 2312 quia
1101 2273 1191 2304 XKl
1212 2273 1312 2312 quod
1333 2273 1411 2304 rell.

123 2319 245 2350 animo
266 2342 274 2350 .
289 2343 297 2351 .
313 2342 321 2351 .
343 2319 530 2351 festinatur
554 2320 677 2352 Sclzol.
697 2320 793 2353 Stat.
819 2320 927 2352 Theb.
946 2324 977 2357 2,
991 2324 1049 2352 321

136 2377 342 2406 Sallustius:
367 2380 525 2411 Catilina.
549 2381 712 2415 Iugurtha
747 2381 798 2408 ed.
817 2381 976 2415 Ahlberg.
996 2382 1146 2415 (Maior.)
1196 2376 1220 2411 8
