1593 2496
125 63 181 101 24
559 56 598 94 C.
619 57 859 94 SALLUSTl
888 57 1044 94 CRISPI

125 180 200 218 per
238 173 372 208 totam
411 170 561 209 urbem
601 169 775 219 vigiliae
815 169 1073 210 haberentur
1108 171 1248 220 iisque
1281 172 1470 210 minores

125 229 399 278 magistratus
427 234 690 278 praeessent.

55 287 109 327 31
184 287 292 331 Quis
314 288 442 327 rebus
462 293 657 337 permota
672 289 822 327 civitas
837 293 968 337 atque
983 289 1193 328 inmutata
1208 290 1324 334 urbis
1339 289 1471 329 facies

125 351 223 386 erat.
264 358 315 386 ex
349 358 521 386 summa
553 347 714 386 laetitia
747 352 877 397 atque
907 348 1096 394 lascivia,
1130 360 1243 398 quae
1270 348 1472 388 diuturna

75 409 96 441 2
124 406 248 455 quies
270 411 504 455 pepererat,
526 411 702 455 repente
724 408 866 446 omnis
882 408 1048 446 tristitia
1063 408 1236 447 invasit:
1258 408 1471 454 festinare,
1500 414 1519 440 5

123 465 348 514 trepidare,
369 476 513 514 neque
534 465 631 505 loco
654 477 797 515 neque
820 466 984 505 homini
1007 468 1245 516 quoiquam
1262 468 1365 506 satis
1387 478 1471 506 cre-

124 524 237 570 dere,
269 536 413 573 neque
447 524 608 564 bellum
641 536 788 574 gerere
821 537 966 574 neque
998 537 1151 575 pacem
1185 526 1356 572 habere,
1390 537 1470 566 suo

77 587 97 619 3
125 584 310 633 quisque
337 588 455 623 metu
483 584 673 632 pericula
700 585 848 624 metiri.
888 585 942 623 ad
968 585 1051 624 hoc
1072 585 1285 631 mulieres,
1313 585 1471 634 quibus

124 643 183 682 rei
217 643 417 691 publicae
451 643 751 692 magnitudine
779 644 879 683 belli
906 645 1032 684 timor
1059 644 1259 684 insolitus
1286 644 1472 684 incesse⁶

124 706 197 748 rat,
224 702 442 742 adflictare
464 713 572 749 sese,
600 713 755 741 manus
777 702 995 752 supplices
1017 704 1072 742 ad
1094 703 1262 743 caelum
1283 703 1471 750 tendere,
1494 709 1526 735 10

124 761 315 800 miserari
338 773 495 810 parvos
517 761 688 807 liberos,
717 762 900 812 rogitare
922 763 1081 808 omnia,
1101 760 1250 812 <omni
1272 759 1472 810 rumore>

125 831 295 869 pavere,
309 817 534 869 <adripere
551 817 726 868 omnia>
741 822 944 870 superbia
960 826 1090 871 atque
1106 821 1270 861 deliciis
1287 822 1471 868 omissis,

125 879 205 918 sibi
234 881 485 929 patriaeque
513 880 719 920 diffidere.

76 948 97 979 4
182 938 238 977 At
272 938 480 979 Catilinae
520 940 703 979 crudelis
742 941 913 996 animus
953 940 1107 980 eadem
1147 939 1219 979 illa
1252 940 1469 986 movebat,

124 999 294 1037 tametsi
323 999 540 1047 praesidia
566 999 827 1047 parabantur
854 1004 894 1038 et
921 1000 1015 1048 ipse
1042 999 1138 1049 lege
1160 999 1326 1038 Plautia
1346 1000 1470 1039 inter·
1491 1004 1524 1031 15

76 1067 96 1097 5
124 1062 299 1106 rogatus
327 1063 415 1097 erat
442 1059 496 1097 ab
522 1057 564 1097 L.
587 1058 732 1098 Paulo.
774 1063 993 1107 postremo
1016 1058 1319 1098 dissimulandi
1340 1069 1473 1098 causa

123 1121 197 1154 aut
224 1118 289 1155 sui
318 1117 599 1167 expurgandi,
633 1118 742 1156 sicut
769 1118 906 1167 iurgio
934 1118 1158 1157 lacessitus
1185 1118 1304 1163 foret,
1337 1118 1380 1156 in
1408 1129 1472 1157 se-

76 1184 97 1216 6
124 1180 273 1214 natum
306 1177 434 1216 venit.
474 1182 563 1215 turn
602 1176 656 1216 M.
677 1176 842 1216 Tullius
871 1177 1035 1224 consul,
1062 1178 1154 1216 sive
1181 1177 1471 1226 praesentiam

123 1235 217 1273 eius
244 1236 400 1275 timens
428 1237 519 1275 sive
547 1237 607 1274 ira
634 1241 876 1282 conmotus,
909 1237 1150 1276 orationem
1178 1236 1328 1276 habuit
1355 1236 1471 1275 lucu-

123 1293 283 1333 lentam
306 1300 437 1344 atque
458 1295 605 1335 utilem
628 1296 686 1334 rei
709 1295 920 1344 publicae,
942 1307 1073 1345 quam
1096 1300 1249 1345 postea
1269 1296 1470 1344 scriptam
1490 1305 1525 1333 20

78 1362 95 1393 7
125 1353 270 1394 edidit.
310 1355 387 1394 sed
415 1355 488 1394 ubi
516 1354 586 1394 ille
614 1355 795 1400 adsedit,
825 1354 1018 1400 Catilina,
1045 1360 1091 1394 ut
1112 1360 1200 1394 erat
1221 1359 1395 1404 paratus
1417 1354 1471 1393 ad

124 1412 440 1453 dissimulanda
456 1415 615 1459 omnia,
638 1414 829 1454 demisso
845 1414 978 1460 voltu,
999 1425 1109 1454 voce
1124 1414 1309 1463 supplici
1326 1418 1473 1463 postu-

124 1471 211 1511 lare
243 1469 325 1520 <a>
358 1473 550 1522 patribus
585 1474 738 1522 coepit,
772 1484 826 1513 ne
854 1473 958 1522 quid
987 1474 1040 1513 de
1068 1485 1114 1513 se
1141 1478 1302 1513 temere
1329 1473 1473 1512 crede-

124 1536 232 1571 rent:
272 1543 323 1571 ea
362 1532 523 1571 familia
559 1537 711 1578 ortum,
750 1533 807 1571 ita
841 1544 888 1572 se
921 1533 975 1572 ab
1010 1532 1306 1572 adulescentia
1337 1533 1471 1571 vitam

125 1591 373 1637 instituisse,
401 1597 445 1630 ut
473 1593 621 1632 omnia
642 1593 758 1631 bona
780 1593 821 1631 in
844 1603 922 1641 spe
944 1592 1138 1637 haberet;
1165 1603 1219 1631 ne
1241 1593 1471 1631 existuma-
1489 1600 1526 1627 25

125 1655 216 1689 rent
237 1651 329 1696 sibi,
358 1652 534 1700 patricio
566 1651 743 1695 homini,
771 1652 928 1700 quoius
950 1652 1086 1700 ipsius
1108 1656 1237 1700 atque
1259 1651 1470 1690 maiorum

126 1708 324 1757 pluruma
352 1711 563 1750 beneficia
590 1712 632 1749 in
661 1711 832 1759 plebem
861 1710 1102 1750 Romanam
1124 1715 1279 1755 essent,
1307 1709 1472 1759 perdita

125 1778 169 1806 re
191 1770 364 1817 publica
385 1781 496 1818 opus
519 1781 626 1815 esse,
649 1781 782 1818 quom
805 1781 901 1809 eam
923 1774 1110 1809 servaret
1132 1769 1185 1808 M.
1207 1769 1384 1814 Tullius,
1411 1769 1471 1807 in-

72 1835 98 1866 8
126 1828 315 1875 quilinus
353 1830 457 1868 civis
497 1829 613 1868 urbis
652 1829 826 1868 Romae.
871 1829 925 1868 ad
965 1829 1048 1869 hoc
1084 1828 1196 1868 male
1236 1828 1350 1867 dicta
1388 1828 1472 1867 alia

188 1934 202 1964 1
234 1935 389 1965 maiores
415 1934 442 1965 P
516 1935 536 1966 3
564 1935 644 1973 quis
667 1959 698 1966 ..
715 1959 722 1965 .
745 1935 871 1966 civitas
891 1935 1030 1966 Fronto
1052 1931 1210 1972 (Harzler
1233 1943 1270 1973 ρ.
1294 1931 1368 1971 163)
1390 1933 1472 1972 quis

125 1981 265 2012 Fronto
300 1982 433 2019 quibus
459 1983 567 2014 codd.
641 1982 661 2013 4
688 1982 824 2013 laetitia
846 2006 852 2013 .
875 2006 883 2013 .
905 2006 912 2013 .
935 1984 1124 2020 pepererat
1150 1981 1288 2013 Fronto
1315 1978 1473 2019 (Hauler

123 2039 161 2068 p.
189 2027 263 2065 167)
338 2032 447 2067 atque
479 2027 641 2067 lascivia]
676 2029 862 2067 lasciviaQ.
889 2029 1026 2061 Fronto
1127 2029 1169 2060 10
1204 2028 1389 2060 adflictare

127 2073 203 2115 (13)
219 2072 385 2107 diffidere
396 2076 535 2108 Fronto
548 2087 585 2116 ρ.
607 2080 667 2108 110
680 2076 725 2108 Ν.
740 2074 899 2115 (Harzler
910 2086 948 2116 ρ.
964 2076 1038 2115 169)
1092 2075 1229 2107 11-12
1244 2075 1395 2113 Fronto,
1411 2075 1471 2106 de-

125 2125 216 2155 sunt
247 2125 283 2154 in
317 2124 423 2155 codd.
530 2124 571 2155 13
608 2124 677 2155 sibi
699 2148 706 2154 .
723 2148 750 2155 ..
773 2124 938 2169 difiidere
971 2124 1078 2155 Aras.
1104 2133 1260 2163 yramm.
1280 2122 1338 2154 Vll
1366 2125 1473 2160 486,6

189 2170 230 2201 15
258 2171 421 2208 plauscia
453 2171 479 2202 P
507 2171 671 2210 plautitia
697 2166 820 2202 AQCB
933 2171 975 2202 17
1008 2174 1068 2202 aut
1100 2172 1155 2202 sui
1185 2170 1235 2202 Xl
1263 2167 1300 2208 (a
1320 2179 1416 2202 eras.
1436 2172 1472 2200 et

125 2227 155 2249 3.
175 2216 221 2256 s.)
251 2226 274 2248 n
295 2221 332 2248 ut
358 2219 413 2249 sui
440 2218 466 2249 P
493 2222 528 2249 et
555 2222 592 2249 ut
617 2220 673 2250 sui
700 2219 756 2250 vel
782 2222 819 2249 ut
845 2221 881 2249 et
906 2219 962 2250 sui
989 2218 1088 2249 Ysm
1162 2218 1206 2249 22
1234 2218 1394 2249 demisso
1416 2241 1423 2248 .
1440 2241 1447 2248 .
1464 2240 1471 2247 .

125 2265 282 2303 supplici
302 2265 416 2297 Prisc.
430 2275 587 2304 yramrn.
602 2266 775 2302 11340,20.
794 2270 866 2303 354,
878 2269 916 2297 21
967 2265 1012 2297 23
1033 2266 1144 2305 vulyo
1165 2266 1253 2297 add.
1303 2264 1347 2296 25
1363 2264 1471 2296 aesti-

127 2315 265 2343 marent
290 2313 396 2344 codcl.
