1593 2496
234 58 300 94 Ex
327 56 576 94 HISTORIIS
626 55 706 94 OR.
727 55 941 94 COTTAE.
968 55 1120 93 EPIST.
1140 56 1333 93 POMPEI
1393 63 1473 102 155

167 170 380 220 Equidem
403 170 539 210 fateor
558 180 630 209 me
644 169 701 208 ad
715 169 800 208 hoc
814 168 978 209 bellum
998 169 1163 208 maiore
1178 169 1322 209 studio
1339 180 1470 218 quam
1498 174 1517 205 4

108 230 293 270 consilio
327 229 580 279 profectum,
607 229 773 277 quippe
800 228 874 277 qui
895 228 1079 268 nomine
1105 228 1240 268 modo
1268 229 1419 277 imperi
1447 239 1472 267 a

109 290 236 330 vobis
264 293 446 338 accepto
473 287 630 327 diebus
652 287 943 337 quadraginta
964 288 1201 326 exercitum
1226 288 1375 336 paravi
1397 287 1472 327 ho-

111 350 277 398 stisque
304 348 346 387 in
375 347 615 387 cervicibus
644 347 730 386 iam
757 346 905 386 Italiae
931 347 1105 396 agentis
1132 346 1187 386 ab
1214 346 1402 395 Alpibus
1430 348 1471 385 in

68 417 88 442 5
113 407 371 457 Hispaniam
399 406 614 447 submovi.
648 417 725 455 per
751 417 826 445 eas
848 407 925 446 iter
944 405 1063 445 aliud
1087 409 1220 455 atque
1241 405 1472 452 Hannibal,

109 467 237 507 nobis
260 466 560 516 opportunius,
582 465 778 515 patefeci.
803 466 948 515 recepi
965 464 1167 511 Galliam,
1188 465 1471 516 Pyrenaeum,
1500 471 1518 500 5

110 526 400 572 Lacetaniam,
433 525 640 575 Indigetis
675 529 717 565 et
743 525 930 574 primum
959 525 1171 574 impetum
1199 523 1359 564 Sertori
1386 525 1472 564 vic-

109 587 212 626 toris
246 586 374 625 novis
402 584 611 624 militibus
633 588 674 624 et
695 584 831 624 multo
860 584 1143 633 paucioribus
1171 584 1357 623 sustinui
1384 583 1472 624 hie-

111 656 316 694 memque
333 645 480 684 castris
496 644 604 684 inter
621 644 922 683 saevissumos
937 644 1089 689 hostis,
1110 654 1199 683 non
1217 654 1294 692 per
1309 643 1473 693 oppida

58 712 91 739 ιο
111 715 256 754 neque
289 715 342 743 ex
374 704 614 744 ambitione
640 713 740 743 mea
767 703 849 752 egi.
884 703 990 752 quid
1018 702 1180 742 deinde
1207 702 1373 752 proelia
1398 708 1471 742 aut
1499 707 1519 738 6

110 763 414 813 expeditiones
450 763 666 808 hibernas,
701 762 867 812 oppida
895 763 1042 802 excisa
1068 766 1142 801 aut
1168 766 1342 811 recepta
1369 773 1471 802 enu-

110 824 303 863 merem?
329 822 507 872 quando
537 833 603 862 res
632 822 729 871 plus
755 821 872 861 valet
899 832 1032 871 quam
1059 821 1204 862 verba.
1231 826 1370 861 castra
1396 821 1472 861 ho-

110 883 239 922 stium
273 882 392 931 apud
419 881 658 921 Sucronem
695 885 822 930 capta
849 885 890 921 et
916 880 1130 930 proelium
1158 881 1276 931 apud
1307 880 1470 920 flumen

111 941 292 980 Durium
319 945 359 980 et
381 941 468 980 dux
489 941 680 980 hostium
697 939 740 980 C.
762 940 1008 980 Herennius
1030 952 1129 979 cum
1151 940 1257 980 urbe
1271 939 1472 980 Valentia

58 1009 92 1035 15
112 1005 154 1041 et
189 1001 376 1040 exercitu
413 1000 543 1040 deleti
583 1000 686 1039 satis
723 999 836 1039 clara
861 1000 991 1040 vobis
1027 1004 1137 1039 sunt.
1177 1011 1255 1049 pro
1295 1000 1405 1049 quis,
1443 1011 1469 1039 o

110 1061 217 1110 grati
246 1064 400 1109 patres,
427 1064 666 1109 egestatem
694 1063 734 1099 et
760 1059 921 1098 famem
948 1058 1138 1099 redditis.

169 1119 318 1168 Itaque
339 1130 439 1158 meo
457 1123 497 1158 et
510 1119 701 1158 hostium
718 1119 921 1158 exercitui
938 1129 1015 1167 par
1029 1118 1231 1158 condicio
1248 1122 1330 1164 est;
1350 1129 1469 1157 nam·
1498 1123 1517 1154 7

110 1189 198 1228 que
231 1178 495 1227 stipendium
530 1178 668 1217 neutri
695 1177 830 1224 datur,
862 1178 1001 1218 victor
1026 1182 1207 1227 uterque
1234 1178 1277 1216 in
1304 1177 1468 1217 Italiam

110 1238 259 1277 venire
280 1241 434 1286 potest.
461 1237 581 1286 quod
603 1247 687 1286 ego
707 1248 789 1276 vos
810 1248 972 1277 moneo
995 1248 1253 1286 quaesoque
1274 1241 1320 1276 ut
1333 1237 1470 1276 anim-
1496 1242 1517 1273 8

57 1305 93 1332 20
113 1296 350 1336 advortatis
371 1308 456 1336 neu
479 1297 645 1346 cogatis
666 1297 1000 1336 necessitatibus
1021 1297 1220 1345 privatim
1242 1296 1347 1335 mihi
1370 1307 1469 1336 con-

111 1355 264 1395 sulere.
292 1355 550 1405 Hispaniam
577 1355 830 1402 citeriorem,
857 1367 972 1405 quae
997 1367 1087 1395 non
1109 1356 1164 1394 ab
1190 1355 1390 1395 hostibus
1411 1360 1469 1395 te-
1497 1361 1517 1391 9

112 1419 248 1460 netur,
280 1426 362 1454 nos
394 1419 469 1454 aut
495 1414 708 1454 Sertorius
734 1415 791 1454 ad
818 1415 1159 1455 internecionem
1186 1416 1469 1461 vastavimus,

114 1479 281 1524 praeter
307 1475 558 1513 maritumas
586 1474 788 1514 civitatis:
815 1474 927 1514 ultro
953 1474 1083 1514 nobis
1110 1475 1303 1524 sumptui
1331 1475 1469 1514 oneri-

114 1545 200 1583 que
232 1538 343 1573 sunt.
381 1532 522 1573 Gallia
554 1534 777 1583 superiore
802 1544 919 1573 anno
946 1533 1109 1573 Metelli
1137 1534 1370 1573 exercitum
1399 1535 1469 1572 sti-

60 1601 95 1628 25
115 1592 278 1641 pendio
306 1593 609 1641 frumentoque
636 1593 740 1632 aluit
773 1597 814 1632 et
843 1604 960 1632 nunc
985 1593 1111 1632 malis
1139 1593 1346 1632 fructibus
1373 1594 1469 1642 ipsa

114 1652 186 1691 vix
212 1653 356 1702 agitat.
385 1663 468 1702 ego
489 1663 577 1692 non
603 1663 692 1691 rem
714 1652 968 1692 familiarem
991 1652 1138 1698 modo,
1164 1663 1315 1692 verum
1337 1653 1466 1692 etiam

112 1710 243 1750 fidem
272 1711 538 1760 consumpsi.
573 1711 724 1760 reliqui
751 1723 832 1751 vos
860 1712 980 1751 estis:
1008 1712 1079 1761 qui
1105 1711 1188 1750 nisi
1210 1711 1466 1757 subvenitis,
1484 1715 1526 1746 10

113 1771 248 1810 invito
271 1774 312 1810 et
332 1770 609 1819 praedicente
632 1781 704 1809 me
725 1772 935 1810 exercitus
956 1770 1057 1810 hinc
1078 1775 1118 1809 et
1139 1782 1238 1810 cum
1260 1781 1313 1810 eo
1335 1782 1467 1811 omne

112 1829 275 1869 bellum
303 1829 543 1879 Hispaniae
570 1830 612 1868 in
639 1829 804 1869 Italiam
831 1825 1226 1880 transgredientur.’

112 2002 210 2033 quae
243 1995 452 2033 sequuntur
482 2002 599 2033 usque
630 1994 682 2025 ad
711 1993 825 2034 finem
851 1995 1039 2026 orationis
1064 1995 1242 2034 leyuntur
1266 1995 1304 2026 in
1328 1995 1465 2034 palim-

110 2042 241 2080 psesto
267 2041 528 2073 Aurelianensi

173 2088 195 2119 4
233 2089 399 2120 cervibus
436 2088 558 2121 Aurel.
679 2088 701 2119 6
739 2088 846 2120 tefeci
886 2089 1011 2128 recepi⁴
1044 2088 1199 2121 Galliam
1238 2098 1310 2122 om.
1343 2089 1464 2121 Aurel.

172 2134 194 2166 8
220 2136 390 2167 sustinuit
415 2136 537 2168 Aurel.
619 2135 663 2167 10
695 2137 932 2168 ambitionem
966 2136 1026 2175 egi
1053 2136 1174 2169 Azzrel.
1251 2136 1294 2168 14
1319 2136 1463 2168 Turiam

115 2182 251 2215 Ursino
277 2184 460 2215 suadente
483 2183 639 2223 plurimi
664 2184 826 2216 editores
903 2183 945 2215 15
972 2184 1150 2216 exercitus
1177 2184 1299 2216 Aurel.
1355 2184 1464 2215 nobis

113 2230 234 2262 Aurei.
332 2230 373 2261 21
404 2239 499 2269 quae
525 2239 596 2262 om.
616 2230 738 2263 Aurel.
829 2231 874 2263 23
901 2232 1081 2270 onerique
1106 2231 1138 2263 V
1165 2232 1316 2270 aerique
1341 2231 1463 2263 Aurei.

172 2277 218 2308 24
244 2279 328 2308 sunt
354 2277 471 2310 om.V
543 2277 589 2309 26
615 2287 689 2310 non
717 2288 788 2311 om.
809 2278 932 2311 Aurel.
1006 2279 1115 2311 etiam
1143 2288 1213 2311 om.
1234 2278 1355 2311 Aurei.

1181 2370 1250 2404 11*
