1593 2496
148 62 230 102 120
573 55 613 92 C.
634 55 878 92 SALLUSTI
907 55 1065 92 CRISPI

84 172 127 204 17
147 180 243 209 ¹sese
270 168 429 209 liberos
456 179 589 218 quam
618 172 824 218 optumos
850 167 1073 208 voluisse?
1100 168 1219 218 quod
1247 169 1282 207 si
1309 169 1398 208 iure
1424 181 1495 209 me

145 228 400 277 despiciunt,
421 227 579 267 iaciant
600 227 703 267 item
724 227 962 267 maioribus
983 228 1085 273 suis,
1107 228 1276 277 quibus,
1297 228 1357 267 uti
1378 227 1495 275 mihi,

84 290 128 323 18
145 300 196 327 cx
223 288 376 327 virtute
403 286 606 327 nobilitas
634 287 787 336 coepit.
835 286 1033 326 invident
1058 287 1213 327 honori
1240 298 1357 327 meo:
1391 298 1493 337 ergo

145 347 367 386 invideant
381 345 530 391 labori,
553 346 841 392 innocentiae,
858 345 1058 395 periculis
1074 346 1203 385 etiam
1219 346 1339 392 meis,
1356 357 1495 395 quon-

83 410 127 442 19
146 407 230 445 iarn
264 417 338 455 per
370 405 478 444 haec
506 405 626 443 illum
655 405 762 454 cepi.
808 416 958 444 verum
986 404 1187 444 homines
1214 405 1399 454 corrupti
1425 417 1494 445 su-
1518 417 1537 443 5

143 465 292 514 perbia
324 465 382 503 ita
414 468 600 506 aetatem
634 468 780 513 agunt,
813 464 938 513 quasi
972 468 1143 504 vostros
1176 464 1365 504 honores
1393 476 1493 504 con-

81 528 353 569 20temnant;
380 524 438 562 ita
465 523 546 563 hos
574 527 736 572 petunt,
763 524 887 572 quasi
914 523 1098 562 honeste
1125 523 1318 563 vixerint.
1357 534 1413 563 ne
1433 523 1492 563 illi

141 583 234 623 falsi
287 587 396 628 sunt,
442 583 514 631 qui
561 582 897 622 divorsissumas
942 593 1008 621 res
1054 583 1208 631 pariter
1253 587 1493 631 expectant,

81 646 121 677 21
142 643 345 692 ignaviae
378 641 646 691 voluptatem
683 646 722 680 et
753 642 945 690 praemia
971 642 1149 681 virtutis.
1194 645 1324 691 atque
1351 642 1492 688 etiarn,

143 702 262 751 quod
295 701 412 750 apud
445 712 526 741 vos
559 706 632 740 aut
665 701 707 739 in
741 705 894 740 senatu
921 700 1055 740 verba
1080 700 1252 747 faciunt,
1284 700 1491 750 pleraque
1514 710 1546 738 ιο

143 761 337 801 oratione
364 761 550 799 maiores
578 771 681 799 suos
704 759 929 799 extollunt:
958 771 1108 800 eorum
1129 759 1252 800 fortia
1273 759 1384 799 facta
1405 771 1492 800 me-

80 823 124 855 22
143 820 354 860 morando
389 819 588 859 clariores
617 831 713 859 sese
740 823 903 868 putant.
949 819 1068 868 quod
1097 823 1244 858 contra
1271 823 1345 858 est„
1390 830 1491 858 nam

141 884 304 929 quanto
339 880 426 918 vita
459 878 628 918 illorum
663 877 930 927 praeclarior,
963 882 1083 917 tanto
1111 878 1265 917 horum
1293 878 1492 918 socordia

81 942 125 974 23
141 939 406 988 flagitiosior.
441 942 481 977 et
502 938 694 987 profecto
716 938 773 976 ita
795 949 841 977 se
863 949 928 976 res
950 937 1096 977 habet:
1122 938 1334 977 maiorum
1355 937 1493 987 gloria

142 998 323 1047 posteris
369 998 493 1046 quasi
538 996 685 1036 lumen
732 1001 806 1042 est,
851 1008 995 1046 neque
1035 997 1152 1036 bona
1191 1007 1334 1045 neque
1377 996 1492 1036 mala
1513 1007 1546 1033 15

80 1061 125 1093 24
142 1069 290 1097 eorum
324 1057 367 1095 in
395 1056 564 1096 occulto
592 1057 759 1105 patitur.
807 1056 987 1095 huiusce
1014 1056 1073 1095 rei
1101 1067 1183 1105 ego
1211 1056 1405 1104 inopiam
1433 1056 1492 1095 fa-

139 1123 243 1162 teor,
283 1115 481 1161 Quirites,
520 1127 682 1162 verum,
722 1115 764 1154 id
798 1115 917 1164 quod
950 1114 1086 1154 multo
1120 1114 1380 1164 praeclarius
1415 1119 1490 1162 est,

80 1179 123 1212 25
141 1180 329 1215 meamet
355 1175 466 1214 iacta
492 1175 597 1213 mihi
625 1175 767 1214 dicere
793 1174 902 1214 licet.
942 1185 1057 1213 nunc
1078 1174 1234 1220 videte,
1261 1185 1392 1223 quam
1414 1174 1491 1212 ini-

141 1236 214 1284 qui
241 1235 336 1275 sint.
381 1234 500 1284 quod
528 1245 580 1273 ex
608 1233 749 1273 aliena
776 1234 929 1272 virtute
956 1233 1037 1272 sibi
1064 1233 1289 1283 adrogant,
1315 1233 1358 1272 id
1385 1233 1490 1272 mihi

141 1307 192 1333 ex
221 1305 318 1333 mea
345 1305 432 1333 non
461 1293 718 1339 concedunt,
745 1292 907 1332 scilicet
934 1293 1036 1342 quia
1062 1292 1275 1341 imagines
1302 1303 1391 1332 non
1416 1292 1489 1331 ha·
1508 1302 1544 1329 20

140 1354 223 1393 beo
253 1358 293 1393 et
320 1354 421 1403 quia
449 1353 553 1391 mihi
581 1363 698 1392 nova
724 1352 927 1391 nobilitas
955 1356 1029 1398 est,
1062 1362 1193 1401 quam
1221 1355 1332 1390 certe
1359 1362 1489 1401 pepe-

140 1414 244 1452 risse
272 1412 425 1451 melius
454 1416 517 1451 est
544 1423 675 1461 quarn
703 1416 927 1460 acceptam
955 1411 1208 1459 corrupisse.

79 1476 123 1508 26
199 1471 408 1521 Equidem
436 1483 518 1520 ego
540 1482 628 1510 non
650 1471 816 1520 ignoro,
843 1471 878 1509 si
900 1471 985 1509 iam
1007 1470 1110 1509 mihi
1134 1470 1396 1519 respondere
1416 1481 1489 1510 ve-

140 1531 228 1577 lint,
249 1530 424 1570 abunde
439 1530 522 1569 illis
537 1530 768 1569 facundam
785 1534 825 1569 et
841 1530 1114 1578 conpositam
1131 1530 1371 1568 orationem
1388 1529 1488 1569 iore.

140 1590 217 1629 sed
240 1591 281 1628 in
297 1601 503 1629 maxumo
515 1594 662 1628 vostro
679 1589 893 1628 beneficio
909 1600 1044 1638 quom
1061 1588 1263 1628 omnibus
1279 1588 1385 1628 locis
1400 1600 1488 1628 me·
1507 1598 1542 1625 25

139 1661 224 1698 que
244 1660 414 1698 vosque
442 1648 681 1688 maledictis
704 1648 902 1694 Iacerent,
929 1659 1017 1688 non
1041 1647 1200 1696 placuit
1221 1648 1406 1694 reticere,
1432 1658 1487 1687 ne

141 1710 237 1757 quis
265 1708 524 1748 modestiam
553 1709 595 1747 in
624 1708 935 1747 conscientiam
963 1706 1150 1746 duceret.
1183 1717 1283 1745 nam
1306 1717 1375 1745 me
1396 1707 1488 1755 qui-

69 1771 120 1803 127
139 1769 237 1806 dem
267 1779 318 1807 ex
340 1768 472 1806 animi
494 1768 579 1806 mei
602 1767 816 1806 sententia
836 1766 955 1805 nulla
976 1767 1112 1805 oratio
1133 1765 1304 1804 laedere
1327 1770 1486 1814 potest:

199 1980 212 2009 1
246 1979 416 2011 maluisse
443 1979 474 2011 V
548 1979 568 2010 2
596 1979 731 2010 faciunt
756 1974 843 2010 ΡΑι
863 1978 997 2010 facient
1016 1986 1040 2009 n
1090 1980 1174 2011 item
1196 1974 1369 2010 VA¹Nm
1389 1977 1485 2009 idem

139 2028 216 2058 rull.
292 2026 312 2057 4
338 2027 453 2058 labori
479 2029 515 2058 et
542 2028 616 2058 inn.
643 2022 888 2058 NKHM¹sm
915 2028 951 2057 et
976 2025 1046 2057 lab.
1068 2026 1142 2058 inn.
1163 2026 1195 2057 Α
1271 2025 1291 2056 5
1312 2025 1403 2057 haec
1424 2033 1487 2063 per

138 2074 197 2104 ilia
224 2073 255 2105 V
355 2074 396 2106 13
429 2074 504 2105 vita
537 2075 676 2105 illorum
703 2073 899 2106 VXNKls
919 2072 966 2104 ill.
986 2074 1060 2104 vita
1091 2073 1118 2105 P
1151 2074 1224 2104 vita
1256 2081 1378 2105 eorum
1407 2072 1485 2103 rell.

200 2121 242 2151 14
258 2121 394 2152 habent
413 2121 445 2152 V
490 2122 670 2152 ‘maiorum
693 2146 700 2152 .
717 2145 724 2152 .
744 2145 751 2152 .
772 2121 903 2159 patitur
917 2119 1038 2152 Sclzol.
1059 2120 1134 2152 1111).
1154 2124 1185 2159 8,
1201 2123 1261 2152 139
1324 2119 1366 2151 15
1381 2120 1486 2158 quasi

137 2177 208 2200 om.
231 2168 362 2199 stm
413 2177 534 2207 neque
562 2169 655 2199 mala
681 2176 802 2206 neque
830 2169 928 2199 bona
953 2166 985 2199 V
1061 2167 1102 2198 16
1128 2177 1252 2200 eorum
1274 2176 1344 2199 om.
1363 2166 1485 2198 Schol.

136 2216 212 2247 Ιιιυ.
269 2215 383 2246 fateor
407 2215 469 2246 Vs
496 2216 614 2253 patior
639 2216 717 2247 rell.
736 2215 823 2255 fort.
847 2216 942 2246 recte
1037 2214 1080 2246 24
1107 2215 1314 2246 facundiam
1339 2209 1486 2245 VTD1²

138 2257 250 2294 snm²
317 2262 359 2292 25
382 2266 501 2293 vestro
520 2263 676 2294 maximo
690 2262 718 2294 P
769 2271 901 2300 meque
915 2261 998 2293 Vin
1015 2271 1072 2293 me
1087 2263 1164 2294 rell.
1180 2259 1263 2300 (vos
1277 2269 1409 2300 meque
1423 2259 1484 2298 m),

130 2311 179 2349 ,(-Ῑ,
195 2309 321 2345 §vfsffi
346 2314 381 2339 17
432 2305 912 2340 261acerarentA¹NKD¹F
964 2304 1484 2346 28meis..<.A²0m.HP(-D)
