1593 2496
108 54 187 92 156
538 45 578 83 C.
599 45 843 83 SALLUSTI
869 45 1029 83 CRISPI

243 194 436 232 ORATIO
459 193 623 231 MACRI
650 194 777 230 TRIB.
805 195 945 230 PLEB.
972 194 1044 231 AD
1072 195 1275 231 PLEBEM

60 271 72 300 1
167 262 238 313 ‘Si,
275 264 474 312 Quirites,
508 276 660 315 parum
696 266 1025 312 existumaretis‚
1062 266 1167 315 quid
1195 267 1302 306 inter
1334 267 1400 307 ius
1427 278 1453 306 a

103 325 340 366 maioribus
360 325 555 364 relictum
581 325 710 364 vobis
737 329 778 364 et
804 324 888 365 hoc
914 336 940 364 a
961 324 1082 364 Sulla
1103 330 1299 374 paratum
1321 327 1452 366 servi-

100 386 207 424 tium
226 385 464 430 interesset,
479 383 624 423 multis
640 384 745 423 mihi
763 384 1067 424 disserundum
1077 384 1455 435 iuitdocendique,

102 455 212 494 quas
240 444 296 483 ob
330 444 507 482 iniurias
535 447 576 482 et
609 443 811 492 quotiens
840 454 867 482 a
892 443 1085 492 patribus
1112 448 1277 483 armata
1304 444 1455 494 plebes
1487 454 1505 480 5

103 504 355 543 secessisset
376 503 525 552 utique
545 502 742 542 vindices
764 503 1004 551 paravisset
1025 503 1168 543 omnis
1190 503 1291 542 iuris
1307 504 1374 542 sui
1389 505 1456 543 tri-

56 566 74 596 2
102 563 245 602 bunos
267 562 418 611 plebis.
451 572 567 601 nunc
589 561 747 601 hortari
768 562 902 601 modo
924 562 1137 611 reliquom
1159 566 1223 601 est
1244 567 1285 602 et
1301 563 1359 602 ire
1375 564 1456 612 pri-

56 626 75 657 3
104 633 222 661 mum
249 622 332 667 via,
359 631 446 670 qua
473 620 795 670 capessundam
822 621 1000 661 arbitror
1027 621 1279 661 libertatem.
1312 633 1457 671 neque

102 692 172 720 me
187 681 397 730 praeterit,
412 685 597 729 quantas
614 691 722 729 opes
737 679 974 719 nobilitatis
989 680 1109 720 solus
1124 681 1454 729 inpotensinani

102 741 247 789 specie
262 740 538 789 magistratus
547 739 707 788 pellere
723 739 1022 779 dominatione
1037 740 1254 788 incipiam,
1271 745 1453 789 quanto-
1477 749 1510 775 10

103 811 188 849 que
214 799 345 838 tutius
379 799 506 838 factio
534 799 764 838 noxiorum
792 803 893 848 agat
920 809 1052 848 quam
1079 798 1160 838 soli
1189 800 1457 840 innocentes,

55 864 74 893 4
103 859 180 898 sed
214 863 380 908 praeter
412 869 535 907 spem
564 858 726 897 bonam
755 869 808 897 ex
833 858 973 904 vobis,
1006 869 1120 907 quae
1152 863 1315 898 metum
1342 859 1457 903 vicit,

103 918 230 957 statui
258 918 501 956 certaminis
528 917 717 957 advorsa
737 928 814 966 pro
836 917 1030 957 libertate
1051 918 1220 966 potiora
1242 928 1339 957 esse
1361 917 1456 957 forti

102 978 194 1017 viro
223 988 354 1026 quam
383 977 563 1016 omnino
590 988 680 1016 non
707 977 951 1016 certavisse.

55 1041 74 1071 5
163 1035 440 1085 Quamquam
464 1047 617 1075 omnes
632 1035 703 1074 alii
719 1036 846 1075 creati
863 1047 940 1084 pro
956 1036 1045 1075 iure
1060 1041 1208 1075 vostro
1223 1036 1313 1074 vim
1329 1046 1455 1075 cunc·
1479 1045 1511 1071 15

103 1100 189 1135 tam
223 1100 265 1135 et
290 1096 471 1144 imperia
497 1106 577 1134 sua
605 1095 742 1145 gratia
769 1100 842 1133 aut
869 1106 947 1144 spe
974 1099 1048 1134 aut
1075 1095 1278 1144 praemiis
1305 1095 1349 1133 in
1375 1106 1457 1134 vos

104 1159 356 1195 convortere
383 1154 628 1204 meliusque
649 1154 810 1194 habent
831 1154 1031 1194 mercede
1052 1154 1304 1203 delinquere
1325 1165 1457 1203 quam

56 1218 77 1249 6
103 1215 234 1264 gratis
255 1219 368 1254 recte
388 1214 539 1253 facere.
570 1214 717 1263 itaque
738 1224 892 1253 omnes
914 1224 1170 1253 concessere
1191 1214 1277 1252 iam
1295 1214 1337 1251 in
1353 1223 1457 1261 pau-

104 1285 252 1313 corum
280 1273 638 1319 dominationem,
666 1273 739 1322 qui
762 1284 836 1322 per
857 1272 1039 1312 militare
1062 1283 1224 1312 nomen
1246 1273 1458 1311 aerarium

105 1334 316 1372 exercitus
343 1343 477 1382 regna
504 1333 750 1382 provincias
778 1343 1049 1380 occupavere
1070 1336 1111 1371 et
1131 1342 1273 1371 arcem
1295 1331 1458 1371 habent
1476 1338 1513 1366 2⁰

104 1404 157 1432 ex
178 1392 328 1441 spoliis
349 1393 517 1437 vostris,
538 1403 673 1441 quom
695 1392 863 1430 interim
885 1402 1005 1431 more
1027 1402 1232 1440 pecorum
1254 1401 1335 1430 vos
1351 1390 1459 1429 mul-

104 1451 242 1491 titudo
279 1451 461 1500 singulis
499 1450 728 1490 habendos
755 1450 1050 1499 fruendosque
1078 1450 1306 1500 praebetis
1343 1450 1458 1489 exuti

105 1510 321 1556 omnibus,
357 1521 469 1559 quae
496 1511 683 1550 maiores
719 1510 948 1559 reliquere;
983 1510 1066 1548 nisi
1103 1510 1205 1559 quia
1241 1509 1460 1548 vobismet

105 1566 243 1619 ipsi[s]
278 1581 352 1619 per
378 1569 594 1619 suffragia,
627 1573 671 1608 ut
705 1569 928 1617 praesides
963 1568 1079 1614 olim,
1112 1580 1227 1607 nunc
1255 1568 1459 1608 dominos

59 1633 76 1663 7
106 1629 342 1669 destinatis.
370 1630 515 1678 itaque
537 1640 792 1668 concessere
813 1628 914 1667 illuc
935 1639 1101 1674 omnes,
1127 1632 1169 1667 at
1190 1639 1304 1673 mox,
1326 1628 1361 1666 si
1382 1638 1458 1666 vo·
1478 1635 1513 1661 25

107 1693 192 1728 stra
217 1689 474 1737 receperitis,
502 1688 556 1727 ad
585 1699 665 1727 vos
687 1688 892 1737 plerique.
928 1688 1031 1726 raris
1060 1688 1174 1727 enim
1201 1687 1374 1726 animus
1396 1691 1460 1725 est

107 1747 162 1786 ad
187 1758 250 1793 ea,
271 1758 385 1797 quae
406 1747 589 1796 placent,
611 1747 903 1793 defendunda,
925 1747 1052 1786 ceteri
1073 1746 1332 1785 validiorum
1349 1750 1460 1784 sunt.

59 1811 80 1841 8
166 1806 235 1846 An
251 1806 432 1845 dubium
449 1807 630 1852 habetis,
648 1818 752 1845 num
768 1806 941 1845 officere
957 1805 1062 1855 quid
1076 1805 1203 1845 vobis
1213 1815 1301 1844 uno
1312 1804 1459 1844 animo

106 1866 386 1915 pergentibus
423 1867 572 1915 possit,
600 1877 712 1915 quos
745 1865 978 1915 languidos
1011 1864 1307 1912 socordesque
1334 1864 1459 1912 perti-

107 1926 284 1964 muere?
298 1925 380 1964 nisi
396 1924 502 1964 forte
519 1924 562 1965 C.
578 1923 712 1970 Cotta,
734 1936 786 1964 ex
802 1924 988 1964 factione
1003 1924 1148 1963 media
1160 1922 1325 1968 consul,
1340 1922 1462 1961 aliter
1480 1929 1516 1955 30

109 1995 240 2034 quam
276 1989 394 2023 metu
429 1985 521 2023 iura
554 1984 771 2034 quaedam
807 1984 987 2023 tribunis
1015 1983 1154 2032 plebis
1188 1982 1378 2021 restituit.
1420 1986 1461 2021 et

109 2054 376 2092 quamquam
397 2043 439 2083 L.
458 2042 644 2083 Sicinius
666 2044 828 2092 primus
850 2042 905 2082 de
926 2046 1139 2091 potestate
1154 2041 1381 2081 tribunicia
1399 2039 1460 2079 lo-

110 2102 184 2151 qui
211 2113 343 2141 ausus
371 2102 667 2142 mussantibus
693 2102 820 2142 vobis
848 2102 1165 2141 circumventus
1188 2105 1287 2145 erat,
1313 2104 1459 2139 tamen

111 2161 227 2210 prius
248 2161 307 2199 illi
323 2161 531 2200 invidiam
548 2166 752 2207 metuere,
773 2171 904 2209 quam
918 2171 999 2200 vos
1018 2161 1199 2199 iniuriae
1214 2163 1459 2208 pertaesum

170 2253 190 2286 2
205 2254 253 2286 si.
264 2277 290 2286 ..
305 2255 571 2287 existumaretis
582 2254 679 2286 Don.
697 2254 774 2286 Ter.
789 2253 938 2285 Phorm.
953 2257 993 2285 45
1032 2253 1076 2284 24
1093 2262 1187 2285 corr.
1208 2252 1339 2284 Kortte
1359 2251 1403 2283 25
1424 2255 1461 2282 at

111 2301 215 2333 Kritz
235 2305 270 2333 et
290 2301 322 2332 V
396 2301 441 2334 34
467 2310 576 2341 quam
592 2325 600 2334 .
617 2325 625 2334 .
641 2325 649 2334 .
662 2304 867 2340 pertaesum
894 2304 950 2333 est
969 2300 1076 2333 Aras.
1090 2309 1245 2340 yramm.
1265 2298 1322 2330 Vll
1339 2301 1461 2337 500,14
