1593 2496
146 52 227 90 -114
565 45 604 82 c,
627 46 869 83 SALLUSTI
897 45 1055 83 CRISPI

144 159 291 207 gentia
317 158 472 198 fluctus
498 158 684 198 trahunt:
713 159 770 198 ita
790 159 922 198 facies
943 159 1137 199 locorum
1159 170 1256 198 cum
1279 161 1419 199 ventis
1440 161 1493 199 si-

94 223 117 255 4
146 217 233 256 mul
262 222 459 257 mutatur.
499 217 643 267 Syrtes
665 218 720 257 ab
744 222 878 257 tractu
900 219 1161 258 nominatae.
1195 219 1287 257 eius
1309 219 1491 258 civitatis

145 276 293 326 lingua
318 277 451 317 modo
475 288 689 317 convorsa
710 277 898 317 conubio
921 276 1218 323 Numidarum,
1240 277 1385 327 legum
1407 278 1492 317 cul-

144 340 301 385 tusque
335 336 541 385 pleraque
569 335 793 382 Sidonica;
826 348 939 386 quae
967 347 1019 376 eo
1047 336 1214 376 facilius
1242 337 1492 383 retinebant,

98 401 117 433 5
146 395 264 444 quod
299 395 447 444 procul
481 395 536 434 ab
571 395 751 444 imperio
786 396 898 445 regis
931 400 1117 435 aetatem
1150 396 1350 446 agebant.
1386 397 1494 436 inter
1517 404 1536 430 5

146 454 244 494 illos
272 458 312 493 et
333 454 602 503 frequentem
623 454 873 493 Numidiam
896 454 1016 494 multi
1038 455 1237 504 vastique
1258 455 1341 495 loci
1363 459 1492 494 erant.

80 516 137 554 79
207 512 291 552 Sed
326 514 534 562 quoniam
563 514 605 551 in
634 524 707 553 eas
734 514 934 563 regiones
962 525 1037 563 per
1063 514 1393 563 Lepcitanorum
1421 526 1493 554 ne-

146 573 264 621 gotia
296 573 510 618 venimus,
544 584 631 612 non
663 572 889 622 indignum
916 573 1087 612 videtur
1113 574 1335 623 egregium
1363 577 1492 623 atque

147 631 342 671 mirabile
370 632 540 671 facinus
574 632 758 671 duorum
787 631 1207 682 Carthaginiensium
1235 643 1493 678 memorare;

94 696 119 730 2
149 702 243 730 eam
278 702 366 730 rem
400 702 481 730 nos
508 690 629 730 locus
657 691 894 731 admonuit.
925 702 1011 740 qua
1038 695 1294 740 tempestate
1322 690 1547 731 Cartha-10

145 751 368 800 ginienses
387 750 593 799 pleraque
609 750 751 789 Africa
766 750 1078 799 imperitabant,
1102 749 1371 801 Cyrenenses
1388 762 1494 800 quo-

93 812 119 843 -3
148 820 233 859 que
266 810 412 858 magni
447 814 577 858 atque
609 809 805 858 opulenti
835 809 963 849 fuere.
1003 820 1106 859 ager
1132 810 1174 848 in
1202 810 1347 850 medio
1375 810 1495 849 hare-

147 880 294 914 nosus,
322 880 409 907 una
435 870 599 917 specie:
627 880 769 918 neque
797 868 958 908 flumen
981 880 1124 918 neque
1145 880 1272 908 mons
1295 874 1393 915 erat,
1421 870 1492 918 qui

147 927 245 966 finis
273 938 422 967 eorum
451 928 721 967 discerneret.
761 938 874 977 quae
902 939 967 967 res
990 939 1065 968 eos
1088 929 1130 967 in
1152 939 1314 978 magno
1336 928 1494 967 diutur-

100 990 119 1020 4
147 997 293 1036 noque
321 987 436 1026 bello
464 988 572 1026 inter
598 998 643 1026 se
671 987 831 1026 habuit.
865 992 1097 1038 postquam
1125 987 1340 1036 utrimque
1360 987 1495 1036 legio·
1516 993 1549 1020 15

143 1057 236 1091 neS,
259 1047 359 1085 item
382 1045 541 1085 classes
563 1057 696 1095 saepe
717 1046 838 1085 fusae
859 1046 1121 1096 fugataeque
1143 1050 1184 1085 et
1201 1046 1321 1086 alteri
1336 1046 1493 1086 alteros

147 1105 417 1154 aliquantum
445 1105 717 1151 adtriverant,
749 1106 883 1151 veriti,
917 1117 972 1145 ne
999 1116 1099 1145 mox
1126 1106 1264 1145 victos
1291 1106 1493 1145 victores-

149 1175 232 1212 que
267 1164 463 1204 defessos
492 1164 600 1204 a-l-ius
628 1164 944 1214 aggrederetur,
980 1176 1054 1213 per
1081 1164 1268 1203 indutias
1296 1165 1494 1214 sponsio-

149 1235 248 1262 nem
277 1223 448 1269 faciunt,
476 1225 534 1262 uti
564 1228 677 1263 certo
707 1223 776 1263 die
800 1223 930 1272 legati
952 1223 1085 1263 domo
1108 1224 1493 1273 proficiscerentur:

149 1294 236 1332 quo
265 1283 306 1321 in
334 1282 431 1323 loco
460 1284 568 1322 inter
594 1295 640 1322 se
663 1283 779 1322 obvii
801 1282 993 1329 fuissent,
1020 1283 1056 1322 is
1077 1284 1320 1322 communis
1342 1284 1494 1322 utrius·
1513 1289 1548 1316 ἐϋ

150 1353 234 1391 que
257 1342 406 1391 populi
428 1342 525 1381 finis
548 1342 785 1381 haberetur.
820 1343 947 1392 igitur
968 1341 1226 1392 Carthagine
1245 1342 1332 1382 duo
1348 1341 1494 1381 fratres

148 1402 280 1446 missi,
303 1402 460 1450 quibus
482 1413 642 1441 nomen
665 1401 881 1440 Philaenis
904 1406 1002 1447 erat,
1029 1405 1298 1441 maturavere
1314 1402 1390 1440 iter
1403 1412 1495 1450 per-

148 1471 260 1510 gere.
302 1459 570 1510 Cyrenenses
603 1460 764 1499 tardius
798 1461 895 1500 iere.
935 1460 977 1499 id
1011 1460 1267 1500 socordiane
1302 1471 1357 1499 an
1391 1471 1494 1499 casu

149 1520 362 1564 acciderit,
394 1531 549 1568 ‚parum
586 1520 785 1569 cognovi.
833 1524 1021 1559 ceterum
1055 1519 1165 1559 solet
1198 1520 1239 1558 in
1274 1519 1355 1558 illis
1388 1519 1494 1558 locis

149 1584 384 1628 tempestas
412 1579 527 1618 haud
556 1590 680 1618 secus
708 1583 838 1628 atque
865 1579 906 1617 in
935 1580 1040 1617 mari
1068 1579 1259 1618 retinere.
1297 1589 1397 1617 narn
1420 1579 1492 1618 ubi
1514 1585 1549 1611 25

148 1649 224 1687 per
257 1638 352 1677 loca
384 1639 586 1687 aequalia
620 1644 659 1677 et
692 1638 810 1676 nuda
841 1639 1112 1688 gignentium
1139 1642 1294 1677 ventus
1322 1642 1493 1677 coortus

148 1697 354 1736 harenam
383 1697 517 1737 humo
546 1698 757 1743 excitavit,
785 1708 836 1736 ea
863 1708 1023 1747 magna
1048 1698 1091 1736 vi
1119 1698 1278 1746 agitata
1300 1707 1374 1736 ora
1395 1707 1494 1736 ocu-

148 1756 303 1805 losque
326 1756 488 1805 inplere
510 1757 635 1796 solet:
665 1757 721 1795 ita
748 1761 977 1805 prospectu
1000 1756 1208 1805 impedito
1230 1756 1384 1795 morari
1406 1755 1494 1794 iter.

149 1820 382 1864 postquam
412 1815 680 1865 Cyrenenses
707 1815 928 1864 aliquanto
957 1816 1216 1864 posteriores
1244 1826 1290 1854 se
1318 1825 1414 1853 esse
1434 1815 1495 1853 vi-

149 1874 251 1913 dent
287 1878 327 1913 et
361 1875 416 1914 ob
452 1886 537 1914 rem
570 1879 812 1923 corruptam
841 1874 959 1914 domi
987 1885 1152 1923 poenas
1180 1878 1388 1919 metuont,
1421 1874 1496 1912 cri·
1514 1880 1549 1906 30

149 1934 300 1972 minari
315 1932 681 1983 Carthaginiensis
697 1938 796 1973 ante
811 1938 983 1982 tempus
999 1933 1132 1973 domo
1148 1932 1379 1982 digressos,
1396 1943 1494 1972 con-

150 2008 275 2015 ἣ--γ

209 2061 228 2092 2
262 2070 281 2092 a
317 2065 428 2094 tractu
461 2062 558 2094 Hier.
586 2072 682 2093 nom.
704 2063 803 2094 hebr.
822 2072 860 2102 ρ.
879 2065 941 2093 850
966 2062 1050 2093 lsid.
1079 2062 1171 2100 orry.
1194 2064 1243 2099 13,
1259 2064 1341 2099 18,6
1406 2070 1435 2092 c.
1458 2064 1494 2091 79

146 2109 192 2148 cf.
211 2109 288 2140 ναὶ.
308 2109 405 2141 Max.
425 2113 455 2148 5,
472 2113 491 2140 6
515 2111 585 2141 ext.
600 2114 619 2140 4
639 2112 675 2140 et
700 2110 797 2141 Mela
822 2114 850 2148 1,
868 2113 894 2145 7,
908 2112 949 2140 38
998 2109 1018 2139 9
1041 2105 1276 2140 memorabile
1308 2102 1494 2139 ΑἿΞΒΜ2

211 2155 253 2187 10
287 2155 607 2196 Carthaginienses
629 2182 635 2188 .
652 2181 659 2189 .
676 2181 683 2188 .
705 2157 960 2195 imperitabant
992 2157 1097 2188 Aras.
1123 2165 1279 2195 yramm.
1299 2154 1356 2186 Vll
1369 2157 1439 2193 481,
1453 2158 1495 2185 22

211 2203 250 2234 11
286 2203 458 2243 pleraque
492 2204 612 2235 Africa
644 2204 708 2235 An
740 2204 844 2236 Aras.
872 2204 1067 2242 pleraeque
1100 2202 1244 2235 Africae
1277 2202 1352 2234 rell.
1387 2202 1492 2234 codd.

209 2250 252 2281 22
275 2250 441 2282 Philenis
467 2246 649 2282 KD²Fml
675 2251 846 2283 Philenes
870 2251 946 2282 rell.
1022 2250 1066 2282 26
1087 2251 1167 2283 loca
1188 2274 1195 2282 .
1211 2273 1242 2281 ..
1263 2250 1490 2288 gignentium

144 2298 256 2329 Aras.
276 2306 432 2337 yramm.
452 2299 509 2329 Vll
527 2302 597 2336 495,
612 2302 653 2330 23
726 2297 770 2330 29
796 2307 879 2330 esse
905 2307 974 2329 om.
997 2297 1079 2329 CB}
