1593 2496
399 68 605 105 BELLUM
633 67 1000 105 IUGURTHINUM
1029 71 1166 104 94-97
1383 73 1459 113 131

162 183 293 234 Igitur
307 181 438 228 Sulla,
459 182 518 220 uti
539 192 670 230 supra
685 181 846 220 dictum
863 185 937 227 est,
959 185 1192 230 postquam
1209 181 1251 219 in
1267 180 1455 219 Africam
1470 181 1526 221 96

105 247 236 292 atque
263 243 305 281 in
332 246 469 281 castra
489 240 594 279 Mari
623 251 720 279 cum
749 240 941 289 equitatu
962 240 1091 285 venit,
1119 240 1236 278 rudis
1263 245 1391 279 antea
1419 244 1459 279 et

107 303 282 352 ignarus
314 300 428 346 belli,
457 299 796 340 sollertissumus
824 300 1020 338 omnium
1048 300 1090 338 in
1118 299 1270 348 paucis
1297 303 1460 348 tempe-

107 361 288 401 statibus
323 360 460 399 factus
498 364 572 399 est.
610 358 666 398 ad
700 358 783 398 hoc
816 358 972 398 milites
1006 359 1195 408 benigne
1228 357 1461 407 appellare,
1488 363 1508 394 2

58 430 75 456 5
108 420 251 459 multis
284 419 549 469 rogantibus,
581 417 676 457 aliis
710 429 785 467 per
818 429 864 457 se
891 419 985 467 ipse
1012 418 1115 457 dare
1142 417 1367 463 beneficia,
1401 418 1461 456 in-

107 480 219 519 vitus
246 480 453 528 accipere,
487 477 564 518 sed
593 488 646 517 ea
672 478 972 527 properantius
1001 488 1132 527 quam
1160 488 1234 516 aes
1262 481 1460 516 mutuom

108 539 297 584 reddere,
330 539 424 587 ipse
456 537 510 576 ab
544 536 664 576 nullo
698 541 902 585 repetere,
935 538 1074 587 magis
1105 537 1147 575 id
1175 536 1383 582 laborare,
1416 541 1461 575 ut

108 597 164 637 illi
199 609 330 648 quarn
365 597 549 646 plurumi
584 596 802 642 deberent,
836 597 930 636 ioca
962 601 1093 646 atque
1119 596 1230 635 seria
1258 607 1355 635 cum
1384 595 1460 634 hu-

108 657 312 696 millumis
333 668 473 706 agere,
495 657 537 695 in
559 655 777 705 operibus,
798 656 840 694 in
862 657 1038 705 agmine
1059 660 1190 705 atque
1210 655 1266 694 ad
1288 655 1458 704 vigilias
1487 661 1507 692 3

54 725 86 751 10
108 716 267 756 multus
289 716 456 760 adesse.
478 726 621 765 neque
643 716 822 760 interim,
844 715 963 764 quod
985 726 1119 764 prava
1140 714 1319 754 ambitio
1338 714 1460 759 solet,

108 776 296 815 consulis
324 781 396 814 aut
423 776 716 824 quoiusquam
745 774 848 814 boni
875 774 1035 813 famam
1065 774 1248 820 laedere,
1276 779 1460 813 tantum-

106 835 238 875 modo
273 846 416 884 neque
445 834 626 874 consilio
655 844 798 883 neque
826 845 957 872 manu
986 835 1170 883 priorem
1198 833 1331 872 alium
1360 834 1459 882 pati,

105 894 338 944 plerosque
353 894 614 933 antevenire.
637 893 795 942 quibus
810 893 938 932 rebus
955 898 995 933 et
1009 893 1171 932 artibus
1187 893 1306 932 brevi
1322 892 1458 932 Mario
1486 898 1507 930 4

106 954 402 1003 militibusque
430 954 691 992 carissumus
719 952 867 992 factus.

53 1021 85 1048 15
162 1012 219 1052 At
238 1013 453 1062 Iugurtha,
475 1019 708 1061 postquam
731 1011 943 1060 oppidum
967 1010 1154 1060 Capsam
1176 1011 1376 1060 aliosque
1398 1011 1522 1053 10-97

104 1083 179 1112 cos
212 1073 402 1112 munitos
436 1078 476 1111 et
508 1072 589 1111 sibi
623 1071 737 1110 utilis
767 1071 896 1110 simul
924 1075 965 1110 et
992 1082 1197 1121 magnam
1226 1071 1458 1120 pecuniam

102 1132 316 1177 amiserat,
343 1131 398 1170 ad
420 1131 638 1170 Bocchum
666 1131 842 1170 nuntios
870 1131 1012 1170 mittit:
1040 1141 1172 1180 quam
1201 1130 1386 1179 primum
1415 1131 1458 1169 in

103 1190 354 1230 Numidiam
394 1191 544 1240 copias
583 1189 834 1235 adduceret;
880 1190 1015 1238 proeli
1056 1189 1245 1229 faciundi
1285 1194 1458 1238 tempus

102 1250 272 1289 adesse.
299 1261 429 1299 quem
452 1250 525 1289 ubi
548 1250 735 1288 cunctari
757 1250 923 1298 accepit
944 1253 984 1288 et
1005 1249 1187 1288 dubium
1210 1249 1311 1288 belli
1327 1253 1458 1298 atque
1485 1261 1505 1292 2

48 1316 84 1344 20
106 1310 224 1358 pacis
256 1310 445 1349 rationes
474 1309 652 1354 trahere,
686 1320 830 1347 rursus
857 1309 917 1347 uti
944 1313 1072 1348 antea
1100 1319 1336 1357 proxumos
1365 1309 1457 1347 eius

103 1367 231 1408 donis
260 1369 456 1420 corrupit,
483 1368 655 1417 ipsique
680 1367 830 1407 Mauro
859 1367 1084 1416 pollicetur
1105 1367 1338 1406 Numidiae
1365 1378 1458 1416 par-

104 1432 189 1466 tem
223 1428 401 1472 tertiam,
435 1428 470 1466 si
503 1431 576 1466 aut
602 1426 786 1466 Romani
813 1425 956 1466 Africa
985 1427 1154 1476 expulsi
1183 1431 1254 1466 aut
1282 1427 1457 1476 integris

103 1488 193 1526 suis
220 1486 380 1526 finibus
405 1486 565 1526 bellum
595 1487 871 1535 conpositum
898 1486 1017 1526 foret.
1052 1498 1104 1526 eo
1128 1487 1320 1535 praemio
1343 1485 1457 1525 illec-
1484 1488 1504 1519 3

104 1551 171 1584 tus
191 1545 386 1585 Bocchus
407 1557 504 1585 cum
526 1556 687 1595 magna
708 1545 982 1585 multitudine
1002 1545 1251 1595 Iugurtham
1273 1545 1457 1585 adcedit.

48 1613 84 1639 25
163 1604 222 1644 Ita
252 1605 479 1644 amborum
508 1606 693 1644 exercitu
722 1605 954 1644 coniuncto
981 1604 1178 1650 Marium,
1211 1606 1297 1643 iam
1326 1605 1368 1643 in
1396 1605 1457 1643 hi-

105 1663 237 1703 berna
263 1664 620 1713 proficiscentem,
650 1665 721 1703 vix
748 1664 934 1703 decuma
960 1669 1079 1713 parte
1107 1664 1177 1703 die
1204 1664 1370 1713 reliqua
1397 1664 1458 1702 in-

103 1723 279 1769 vadunt,
307 1724 382 1762 rati
410 1729 595 1768 noctem,
623 1734 736 1772 quae
763 1724 848 1762 iam
870 1723 1029 1768 aderat,
1058 1728 1097 1762 et
1117 1724 1241 1762 victis
1263 1723 1344 1762 sibi
1366 1735 1458 1761 mu-

104 1783 296 1822 nimento
330 1782 420 1822 fore
447 1790 499 1828 et,
533 1784 568 1822 si
596 1783 811 1828 vicissent,
844 1782 964 1822 nullo
994 1782 1321 1831 impedimento,
1354 1783 1458 1831 quia

106 1841 298 1881 locorum
320 1843 505 1882 scientes
525 1847 654 1887 erant,
676 1846 823 1881 contra
838 1841 1044 1881 Romanis
1060 1846 1291 1891 utrumque
1307 1852 1456 1880 casum

46 1909 84 1936 30
104 1901 146 1939 in
167 1901 353 1940 tenebris
375 1901 660 1940 difficiliorem
682 1901 783 1941 iore.
810 1901 936 1949 igitur
957 1900 1085 1940 simul
1107 1900 1259 1940 consul
1282 1912 1333 1940 ex
1349 1900 1457 1939 mul·
1482 1904 1504 1935 4

105 1961 156 1998 tis
183 1960 238 1999 de
262 1960 451 1999 hostium
473 1961 664 2000 adventu
686 1961 903 2010 cognovit,
932 1965 971 1999 et
993 1961 1074 2009 ipsi
1096 1960 1245 2000 hostes
1266 1960 1456 2005 aderant,

166 2089 181 2119 1
216 2097 325 2127 supra
363 2089 585 2127 praedictum
625 2089 725 2121 PCB
826 2089 844 2119 7
885 2090 930 2120 ab
962 2088 1111 2120 PANK
1147 2098 1169 2120 a
1202 2089 1280 2120 rell.
1314 2085 1400 2126 (om.
1427 2086 1455 2127 l)

161 2135 184 2167 8
217 2136 299 2167 ioca
320 2160 327 2167 .
349 2160 356 2167 .
377 2159 386 2167 .
406 2145 516 2176 agere
548 2136 642 2169 Non.
666 2146 703 2176 ρ.
723 2140 794 2174 209,
809 2140 850 2168 28
947 2135 968 2166 9
1002 2134 1124 2175 agere]
1158 2144 1327 2168 exercere
1360 2135 1456 2167 Non.

165 2183 207 2214 17
235 2183 332 2214 misit
356 2178 438 2215 PT²
524 2183 566 2214 19
593 2187 628 2216 et
655 2193 725 2216 om.
747 2184 847 2215 Ysm
932 2183 972 2214 21
1003 2182 1199 2222 corrumpit
1226 2183 1456 2215 CBTDFln

163 2230 208 2262 25
240 2239 320 2270 sqq.
347 2231 392 2270 cf.
412 2230 578 2262 Frontin.
598 2233 709 2263 strat.
729 2235 759 2269 2,
776 2235 804 2269 1,
820 2234 859 2262 13
956 2230 1000 2262 26
1032 2231 1092 2262 vix
1114 2255 1121 2262 .
1138 2256 1145 2263 .
1160 2255 1169 2263 .
1190 2230 1329 2269 reliqua
1362 2229 1455 2262 Gell.

103 2281 255 2353 {31426
327 2277 386 2310 die
418 2273 542 2309 ΡΑἾ1
576 2277 665 2311 Gell.
687 2279 759 2311 diei
793 2279 872 2310 rell.
892 2279 999 2310 codd.
1099 2278 1142 2309 27
1170 2280 1206 2310 et
1231 2286 1261 2310 s,
1281 2286 1311 2310 s.
1330 2277 1361 2309 K
1383 2287 1455 2309 om.

148 2333 207 2356 sm
