1593 2496
105 39 162 78 30
542 29 581 67 C.
602 29 846 66 SALLUSTI
874 29 1031 66 CRISPI

49 156 92 186 19
108 145 182 194 qui
215 145 251 183 si
284 143 512 183 dediticius
547 147 624 188 est,
656 142 847 191 proiecto
875 142 1004 182 iussis
1030 143 1186 181 vostris
1213 141 1456 182 oboediens

108 204 200 250 erit;
227 203 293 242 sin
322 214 374 242 ea
401 202 650 248 contemnit,
678 201 841 241 scilicet
861 201 1189 247 existumabitis,
1216 201 1357 250 qualis
1384 201 1458 241 illa

107 274 192 313 pax
218 267 291 302 aut
319 262 483 301 deditio
511 262 576 307 sit,
604 272 656 300 ex
684 271 771 310 qua
797 260 852 299 ad
879 260 1127 310 Iugurtham
1149 260 1360 300 scelerum
1381 261 1457 299 im..

108 322 294 372 punitas,
321 321 377 360 ad
405 331 570 370 paucos
597 321 786 369 potentis
814 330 1048 358 maxumae
1074 319 1263 369 divitiae,
1289 320 1344 359 ad
1368 331 1458 359 rem

47 391 93 423 20
108 381 327 431 publicam
355 380 517 419 damna
537 383 668 428 atque
689 378 905 418 dedecora
926 379 1215 427 pervenerint;
1247 380 1330 418 nisi
1351 379 1459 419 torte
1480 384 1509 415 '5

108 440 305 480 nondum
340 440 469 478 etiam
502 449 584 478 vos
616 438 928 478 dominationis
962 449 1112 477 eorum
1139 438 1315 478 satietas
1342 443 1461 478 tenet

108 504 150 539 et
176 499 248 538 illa
275 509 406 548 quam
434 498 543 537 haec
570 502 766 546 tempora
794 497 933 547 magis
960 496 1142 546 placent,
1171 508 1304 546 quom
1327 508 1461 547 regna

109 559 359 608 provinciae
376 557 496 607 leges
518 558 609 595 iura
624 556 784 595 iudicia
798 556 913 595 bella
927 560 1059 605 atque
1075 567 1217 605 paces,
1239 562 1460 605 postremo

109 618 258 657 divina
280 621 321 656 et
342 617 534 656 humana
555 616 703 655 omnia
717 626 853 664 penes
868 626 1034 664 paucos
1050 619 1186 661 erant;
1205 627 1288 655 vos
1303 620 1463 662 autem,

110 678 194 716 hoc
220 681 284 716 est
311 675 500 725 populus
521 674 755 720 Romanus,
787 675 933 713 invicti
960 674 1015 714 ab
1043 674 1253 721 hostibus,
1281 676 1520 724 impera-10

109 741 225 776 tores
247 736 442 775 omnium
465 735 672 784 gentium,
694 734 797 773 satis
818 733 1047 773 habebatis
1063 735 1253 772 animam
1270 735 1462 774 retinere.

110 806 211 834 nam
234 795 484 834 servitutem
507 793 683 843 quidem
706 793 803 842 quis
820 797 1015 832 vostrum
1032 804 1228 832 recusare
1245 793 1465 833 audebat?

53 865 94 896 21
171 854 316 903 Atque
353 864 436 903 ego
472 853 643 892 tametsi
679 853 772 892 viro
809 852 1214 902 flagitiosissumum
1248 853 1463 893 existumo

113 915 291 963 impune
312 913 511 951 iniuriam
534 912 768 961 accepisse,
790 916 935 951 tamen
956 923 1037 951 vos
1060 911 1310 951 hominibus
1332 911 1464 951 scele-

113 973 354 1012 ratissumis
379 973 616 1021 ignoscere,
644 971 853 1020 quoniam
876 972 993 1010 cives
1015 976 1125 1017 sunt,
1152 982 1296 1020 aequo
1316 972 1463 1011 animo
1486 977 1520 1005 15

56 1042 102 1074 22
117 1037 295 1081 paterer,
322 1032 366 1070 ni
393 1030 688 1070 misericordia
709 1030 751 1068 in
773 1030 1007 1079 perniciem
1031 1041 1182 1069 casura
1203 1036 1327 1070 esset.
1364 1041 1465 1069 nam

115 1096 157 1131 et
184 1090 278 1137 illis,
311 1094 523 1140 quantum
552 1090 887 1138 importunitatis
914 1087 1087 1135 habent,
1120 1100 1271 1138 parum
1300 1096 1364 1129 est
1390 1090 1467 1128 im-

116 1161 232 1200 pune
260 1149 374 1189 male
400 1149 567 1195 iecisse,
594 1149 676 1187 nisi
697 1147 857 1187 deinde
879 1148 1067 1187 faciundi
1089 1148 1261 1188 licentia
1282 1149 1467 1198 eripitur,

118 1214 160 1249 et
179 1209 308 1249 vobis
324 1213 500 1248 aeterna
524 1207 771 1248 sollicitudo
783 1207 1034 1253 remanebit,
1057 1219 1191 1256 quom
1207 1208 1466 1257 intellegetis

118 1274 191 1308 aut
219 1268 501 1308 serviundum
530 1278 625 1307 esse
652 1271 726 1306 aut
753 1277 828 1316 per
848 1277 1004 1306 manus
1025 1266 1264 1306 libertatem
1286 1268 1467 1306 retinen·
1487 1273 1523 1301 20

59 1337 102 1369 23
119 1328 233 1368 dam.
272 1338 374 1366 nam
402 1327 504 1366 fidei
532 1326 709 1376 quidem
737 1330 811 1365 aut
838 1326 1098 1365 concordiae
1119 1337 1232 1375 quae
1252 1338 1353 1375 spes
1374 1327 1468 1366 est?

118 1387 333 1427 dominari
361 1386 419 1425 illi
446 1386 611 1431 volunt,
637 1396 718 1425 vos
750 1385 870 1424 liberi
898 1396 1012 1431 esse;
1040 1385 1179 1425 facere
1200 1385 1259 1424 illi
1280 1386 1468 1431 iniurias,

117 1457 199 1487 vos
227 1446 475 1495 prohibere;
502 1450 722 1495 postremo
757 1445 887 1484 sociis
913 1445 1070 1484 nostris
1097 1444 1230 1484 veluti
1257 1444 1469 1491 hostibus,

60 1515 104 1547 24
120 1505 319 1545 hostibus
353 1516 429 1554 pro
464 1505 593 1544 sociis
629 1508 815 1543 utuntur.
854 1508 1055 1552 potestne
1087 1505 1130 1542 in
1163 1509 1250 1543 tam
1283 1504 1469 1543 divorsis

121 1565 340 1604 mentibus
368 1575 452 1613 pax
479 1569 552 1603 aut
579 1563 768 1602 amicitia
795 1564 921 1602 esse?
1487 1569 1524 1597 25

61 1627 107 1659 25
183 1623 328 1667 Quare
361 1634 521 1663 moneo
555 1622 790 1671 hortorque
825 1633 917 1668 vos,
950 1634 1005 1662 ne
1040 1627 1205 1661 tantum
1240 1621 1381 1661 scelus
1407 1622 1468 1660 in-

120 1684 319 1732 punitum
342 1682 561 1722 omittatis.
595 1692 683 1721 non
704 1680 929 1730 peculatus
945 1682 1079 1721 aerari
1095 1681 1231 1720 factus
1247 1685 1311 1720 est
1325 1691 1469 1730 neque

121 1753 195 1791 per
220 1743 309 1781 vim
338 1742 468 1781 sociis
497 1745 670 1790 ereptae
698 1741 922 1789 pecuniae,
950 1752 1062 1790 quae
1090 1751 1355 1790 quamquam
1377 1750 1470 1789 gra-

119 1802 192 1840 via
218 1806 328 1846 sunt,
356 1806 501 1840 tamen
530 1799 846 1840 consuetudine
874 1800 959 1838 iam
984 1811 1060 1848 pro
1082 1799 1218 1839 nihilo
1240 1799 1470 1844 habentur;

183 1882 198 1914 1
237 1883 344 1914 iussis
365 1905 374 1915 .
390 1907 396 1914 .
413 1906 420 1915 .
442 1883 507 1914 erit
539 1882 646 1913 Arus.
672 1889 829 1920 yramm.
849 1881 907 1912 Vl!
929 1885 1000 1920 496,
1014 1884 1057 1913 26
1151 1880 1172 1912 2
1204 1882 1414 1912 contemnet
1439 1879 1471 1911 V

180 1930 201 1961 4
234 1930 280 1961 ad
313 1938 385 1961 rem
420 1939 455 1968 p.
475 1929 565 1961 VXl
600 1930 636 1960 in
669 1937 741 1960 rem
771 1937 805 1966 p.
825 1924 878 1960 A¹
903 1930 979 1960 rell.
1079 1928 1100 1959 8
1126 1928 1261 1959 iudicia
1281 1951 1289 1959 .
1306 1951 1313 1959 .
1330 1950 1337 1959 .
1359 1935 1471 1966 paces

120 1977 222 2009 Beda
241 1986 399 2016 yrmnm.
418 1976 476 2009 Vll
492 1980 564 2015 283,
581 1980 620 2007 16
705 1975 800 2007 bella
827 1978 936 2015 atque
963 1984 1074 2015 paces
1102 1974 1251 2007 Cledon.
1272 1983 1429 2014 gramm.
1448 1973 1473 2005 V

120 2028 171 2062 42,
185 2028 226 2055 25
252 2023 380 2064 Pomp.
410 2033 567 2063 yramm.
588 2023 613 2055 V
631 2025 700 2061 176,
715 2026 752 2053 21
842 2032 952 2061 paces
985 2022 1084 2054 Serv.
1104 2031 1261 2061 ,φ-ανηηι.
1282 2022 1330 2053 IV
1344 2024 1417 2058 432,
1430 2024 1469 2052 21

125 2080 236 2110 paces
263 2072 484 2103 exercebant
511 2070 661 2103 Cledon.
735 2069 757 2100 9
783 2078 850 2101 vos
870 2093 879 2102 .
895 2094 903 2102 .
919 2094 926 2102 .
948 2069 1133 2102 Romanus
1161 2069 1259 2101 Serv.
1280 2069 1367 2101 Aen.
1388 2072 1418 2107 Ι,
1431 2072 1475 2099 46

185 2118 229 2150 10
264 2119 350 2157 imp.
377 2125 475 2150 omn.
500 2121 598 2157 gent.
618 2118 727 2150 Aras.
746 2126 904 2156 yrmnm.
924 2117 982 2149 Vll
998 2120 1070 2155 481,
1084 2121 1125 2148 20
1226 2117 1267 2149 13
1303 2117 1378 2148 viro
1410 2114 1473 2147 VP

122 2177 201 2209 Mm
232 2164 309 2209 viri>
341 2177 367 2208 F
397 2178 494 2209 viros
520 2173 656 2209 A¹N¹s
688 2176 801 2207 vnum
841 2172 949 2208 A2’N2
981 2177 1059 2208 reu.
1146 2175 1366 2215 flagitiosum
1393 2173 1472 2206 HM

124 2236 414 2276 flagitiosissimo
435 2245 468 2267 m
483 2222 774 2276 flagitiosissimss
795 2236 820 2267 F
840 2235 1149 2275 flagitiosissimos
1176 2229 1312 2266 A¹N¹s
1364 2232 1406 2264 19
1421 2233 1471 2264 al-

124 2287 225 2316 terna
238 2283 309 2316 VX
320 2283 352 2315 D
362 2284 371 2314 l
382 2292 404 2314 n
455 2281 564 2324 23224
577 2283 744 2315 hostibus
760 2285 816 2316 bis
830 2279 895 2315 P¹l
905 2292 927 2314 n
942 2283 1054 2315 semel
1067 2283 1144 2314 rell.
1196 2281 1241 2313 27
1255 2281 1426 2312 amittatis
1439 2279 1472 2312 V
