1593 2496
362 65 635 102 CATILINAE
664 64 980 101 CONUIRATIO
1010 68 1149 99 27-30
1374 70 1429 109 23

78 185 277 218 senatum
306 178 440 223 refert,
469 178 553 217 iam
582 183 709 217 antea
736 177 855 227 volgi
884 177 1129 216 rumoribus
1152 177 1429 226 exagitatam.

79 240 236 287 itaque,
263 237 381 287 quod
406 237 662 286 plerumque
685 237 725 275 in
748 237 879 276 atroci
902 236 1081 285 negotio
1106 236 1230 282 solet,
1251 241 1428 276 senatus
1459 239 1482 271 2

78 297 279 342 decrevit,
312 296 462 336 darent
490 307 668 345 operam
697 295 913 341 consules,
943 306 998 334 ne
1026 294 1129 344 quid
1160 306 1225 334 res
1254 295 1429 344 publica

78 356 320 396 detrimenti
348 360 532 405 caperet.
573 366 625 395 ea
652 360 846 404 potestas
875 365 949 404 per
977 359 1177 394 senatum
1206 365 1326 394 more
1347 354 1428 395 Ro·
1459 359 1479 391 3

38 424 56 449 5
77 426 208 455 mano
224 415 492 465 magistratui
507 426 714 454 maxuma
729 414 999 464 permittitur:
1016 414 1249 453 exercitum
1267 425 1428 463 parare,

77 474 238 514 bellum
272 485 438 524 gerere,
485 485 683 514 coercere
717 474 922 514 omnibus
950 473 1094 513 modis
1123 474 1269 513 socios
1296 478 1429 523 atque

77 535 195 580 civis,
222 534 340 574 domi
369 533 636 582 militiaeque
663 534 892 582 imperium
920 537 1051 582 atque
1080 532 1288 572 iudicium
1310 544 1426 572 sum-

76 605 195 633 mum
236 593 414 638 habere:
451 592 572 632 aliter
611 593 705 632 sine
738 592 889 642 populi
924 593 1043 631 iussu
1080 591 1241 631 nullius
1276 603 1423 632 earum

76 664 214 692 rerum
243 652 410 692 consuli
438 653 504 691 ius
532 656 606 691 est.

25 725 58 751 io
137 712 238 752 Post
277 723 442 761 paucos
476 711 568 751 dies
604 711 646 751 L.
675 710 859 750 Saenius
896 715 1069 751 senator
1103 711 1145 749 in
1179 715 1333 750 senatu
1368 710 1508 750 lit-30

77 776 187 811 teras
227 772 431 816 recitavit,
471 782 580 821 quas
614 770 807 810 Faesulis
845 770 1012 810 adlatas
1050 770 1130 810 sibi
1165 770 1349 817 dicebat,
1389 772 1430 809 in

77 831 235 879 quibus
274 831 479 879 scriptum
520 834 608 869 erat
655 829 696 870 C.
725 829 935 868 Manlium
976 841 1093 868 arma
1129 831 1298 878 cepisse
1332 841 1430 869 cum

78 900 238 938 magna
265 889 540 929 multitudine
568 894 667 928 ante
696 889 811 928 diem
838 888 893 928 VI
914 889 1133 928 Kalendas
1156 888 1430 930 Novembris,

77 948 217 996 simul,
245 949 287 987 id
315 949 433 998 quod
463 950 505 988 in
533 948 605 988 tali
633 960 676 988 re
704 948 826 995 solet,
854 947 925 987 alii
954 953 1152 997 portenta
1179 953 1312 998 atque
1334 960 1430 998 pro·
1459 952 1482 984 3

24 1022 57 1047 15
77 1009 194 1057 digia
221 1008 490 1055 nuntiabant,
517 1008 588 1048 alii
617 1012 859 1048 conventus
884 1007 986 1053 fieri,
1014 1018 1133 1046 arma
1156 1009 1325 1057 portari,
1354 1007 1431 1048 Ca-

77 1078 190 1116 puae
211 1071 342 1117 atque
363 1068 405 1106 in
420 1067 580 1117 Apulia
602 1067 756 1107 servile
771 1067 933 1106 bellum
950 1068 1127 1107 moveri.
1150 1068 1277 1117 igitur
1292 1068 1429 1107 senati
1458 1071 1479 1103 3

77 1127 250 1167 decreto
285 1125 334 1170 Q.
356 1126 542 1166 Marcius
576 1126 665 1166 Rex
692 1126 910 1172 Faesulas
939 1124 988 1169 Q.
1012 1126 1210 1166 Metellus
1240 1126 1430 1167 Creticus

76 1187 118 1224 in
146 1185 349 1235 Apuliam
385 1187 632 1235 circumque
668 1197 720 1226 ea
753 1186 850 1225 loca
877 1186 995 1225 missi
1025 1205 1079 1210 —
1108 1185 1149 1224 hi
1180 1187 1347 1236 utrique
1374 1187 1428 1226 ad
1458 1189 1479 1222 4

76 1245 226 1285 urbem
254 1246 535 1294 imperatores
563 1251 693 1291 erant,
721 1245 916 1294 impediti
943 1256 999 1284 ne
1025 1245 1337 1294 triumpharent
1364 1257 1430 1285 ca-

21 1316 57 1343 20
77 1304 242 1343 lumnia
276 1316 527 1354 paucorum,
562 1305 720 1353 quibus
755 1306 903 1344 omnia
936 1303 1120 1344 honesta
1150 1309 1280 1354 atque
1307 1306 1430 1345 inho-

77 1368 201 1402 nesta
227 1364 418 1404 vendere
445 1375 541 1404 mos
569 1369 658 1404 erat
686 1384 752 1410 —-,
781 1363 857 1403 sed
880 1369 1098 1412 praetores
1122 1363 1169 1407 Q.
1194 1364 1429 1414 Pompeius
1458 1371 1485 1402 5.

76 1421 210 1462 Rufus
245 1422 453 1472 Capuam,
487 1422 537 1467 Q.
565 1423 764 1463 Metellus
794 1422 915 1463 Celer
949 1423 990 1462 in
1025 1434 1176 1472 agrum
1210 1423 1430 1470 Picenum,

78 1482 217 1531 iisque
245 1483 516 1531 permissum,
545 1483 604 1521 uti
630 1494 705 1531 pro
727 1486 923 1532 ternpore
944 1487 1075 1531 atque
1097 1483 1287 1531 periculo
1310 1494 1426 1523 exer-

78 1541 208 1580 citum
237 1546 534 1590 conpararent.
573 1542 628 1581 ad
650 1541 745 1588 hoc,
773 1543 808 1580 si
830 1543 927 1591 quis
949 1542 1231 1582 indicavisset
1252 1543 1306 1582 de
1328 1553 1428 1583 con-
1456 1550 1478 1581 6

22 1612 56 1639 25
78 1600 301 1646 iuratione,
335 1611 448 1650 quae
482 1605 629 1641 contra
662 1612 750 1641 rem
787 1601 1005 1650 publicam
1038 1601 1150 1640 facta
1177 1606 1276 1647 erat,
1310 1613 1430 1651 prae-

78 1661 214 1698 mium
242 1671 367 1700 servo
395 1659 635 1700 libertatem
658 1664 698 1699 et
720 1661 915 1700 sestertia
936 1665 1122 1707 centum,
1149 1661 1284 1701 libero
1305 1662 1429 1710 inpu-

81 1719 257 1758 nitatem
291 1719 384 1758 eius
418 1720 476 1758 rei
511 1723 551 1759 et
584 1720 779 1759 sestertia
812 1719 997 1759 ducenta
1038 1716 1200 1768 [milia],
1239 1721 1429 1770 itemque
1457 1726 1482 1759 7

80 1778 322 1824 decrevere,
349 1779 408 1817 uti
430 1778 714 1828 gladiatoriae
735 1778 923 1818 familiae
946 1777 1139 1827 Capuam
1163 1785 1203 1818 et
1224 1780 1266 1818 in
1289 1784 1429 1819 cetera

81 1837 316 1886 municipia
338 1837 691 1877 distribuerentur
711 1849 787 1887 pro
810 1840 1058 1887 quoiusque
1073 1839 1243 1887 opibus,
1263 1838 1429 1878 Romae

139 1942 181 1973 10
207 1942 339 1974 Lucius
361 1968 369 1975 .
385 1968 393 1975 .
408 1967 417 1975 .
439 1944 602 1975 recitavit
629 1944 780 1984 *Ροηιμ
800 1953 957 1983 yramm.
975 1943 1001 1975 V
1016 1947 1088 1980 288,
1105 1949 1119 1974 1
1181 1943 1223 1975 16
1244 1945 1352 1983 igitur
1372 1969 1379 1976 .
1396 1970 1403 1976 .
1420 1969 1428 1976 .

77 1989 177 2021 missi
203 1989 298 2021 Non.
316 1999 354 2030 ρ.
375 1993 447 2029 484,
462 1995 502 2022 16
574 1991 691 2022 senati
712 1990 739 2023 P
759 1991 854 2023 Non.
870 1994 1019 2023 senatus
1039 1992 1117 2023 rell.
1134 1993 1241 2023 codd.
1293 1990 1337 2027 Q.
1350 1991 1426 2024 Me-

76 2034 194 2075 tellus]
215 2035 263 2068 ffi.
284 2038 406 2069 tullius
426 2038 520 2070 Non.
597 2037 639 2069 18
660 2038 697 2069 hi
718 2063 725 2069 .
742 2063 749 2070 .
766 2063 773 2070 .
795 2041 896 2071 erant
915 2038 992 2070 Ser.
1013 2039 1099 2070 Aen.
1121 2043 1149 2077 I,
1161 2042 1201 2070 93
1220 2038 1427 2071 Ps.Ascon.

81 2083 174 2115 Verr.
195 2088 224 2122 2,
247 2088 275 2122 6,
292 2088 332 2115 17
380 2085 416 2116 hi
431 2109 440 2118 .
456 2110 463 2117 .
480 2110 487 2117 .
502 2094 701 2124 paucorum
722 2085 822 2118 Serv.
836 2094 993 2125 yramm.
1008 2085 1055 2117 IV
1065 2089 1137 2124 419,
1154 2089 1193 2117 13
1241 2086 1286 2118 26
1308 2085 1340 2117 ἃ·
1352 2095 1381 2118 s.
1396 2095 1427 2118 c.

75 2126 310 2163 ΧΝΙ-Ιῐιιτιε2
345 2132 518 2164 sestercia
550 2135 697 2165 centum
729 2142 824 2165 eras.
853 2133 920 2165 let
951 2135 1037 2165 sest.
1063 2136 1209 2165 centurn
1230 2130 1430 2165 ommu-

73 2177 336 2215 (sestertiorum
363 2182 509 2211 centum
536 2181 585 2212 al.
607 2189 653 2212 m.
673 2179 756 2220 DF)
825 2180 869 2212 27
896 2183 933 2212 et
958 2181 1124 2212 sestertia
1150 2180 1308 2213 ducenta
1329 2181 1428 2213 milia

72 2220 300 2258 A²CBHsn
321 2229 357 2258 et
377 2235 405 2258 s.
426 2229 478 2259 ter
499 2224 543 2265 (s.
565 2237 594 2259 s.
609 2225 658 2266 A)
679 2228 837 2260 ducenta
858 2228 957 2259 milia
971 2223 1116 2259 PA¹N1
1131 2231 1166 2260 et
1180 2228 1430 2260 sestertiorum

72 2278 125 2304 ter
156 2270 286 2312 (eras.)
317 2274 475 2306 ducenta
502 2275 599 2306 milia
632 2274 661 2306 K
694 2277 730 2307 et
762 2275 1006 2307 sestertiorum
1042 2275 1200 2307 ducenta
1227 2275 1325 2307 milia
1353 2272 1431 2307 rm,

132 2320 229 2351 milia
257 2321 369 2360 vulgo
395 2323 480 2353 secl.
