1593 2496
360 40 633 77 CATILINAE
661 38 978 76 CONIURATIO
1007 42 1146 73 47—49
1371 42 1424 81 35

72 155 264 194 hostiurn
280 159 479 194 senatum
495 153 640 192 docet:
657 158 878 201 praeterea
893 163 940 191 se
957 151 1137 190 missum
1152 162 1176 190 a
1192 150 1246 189 Μ.
1257 149 1424 194 Crasso,

72 215 146 264 qui
176 212 386 253 Catilinae
419 212 644 257 nuntiaret,
678 223 732 251 ne
766 223 867 251 eum
896 209 1102 250 Lentulus
1137 215 1177 249 et
1207 208 1424 258 Cethegus

73 272 234 322 aliique
250 283 301 312 ex
315 272 613 312 coniuratione
625 270 885 320 deprehensi
898 275 1112 315 terrerent,
1128 280 1271 318 eoque
1284 269 1424 317 magis

76 336 322 382 properaret
342 331 397 371 ad
420 331 569 370 urbem
591 330 817 376 adcedere,
838 341 926 379 quo
944 333 984 369 et
999 334 1237 368 ceterorum
1254 328 1424 367 animos

37 398 55 424 5
74 391 267 431 reficeret
301 396 341 431 et
374 389 433 429 illi
467 390 633 429 facilius
661 401 684 429 e
711 388 902 439 periculo
931 389 1205 438 eriperentur.
1246 387 1323 426 sed
1351 387 1424 426 ubi
1452 394 1472 424 5

72 450 332 500 Tarquinius
384 449 586 489 Crassum
639 449 892 494 nominavit,
944 448 1167 488 hominem
1220 446 1425 491 nobilem,

72 510 288 548 maxumis
309 509 482 554 divitiis.
503 519 676 548 summa
696 509 902 558 potentia,
924 507 995 546 alii
1016 518 1104 547 rem
1129 505 1424 545 incredibilem

72 570 161 614 rati,
196 580 293 617 pars
325 569 496 608 tametsi
529 579 679 607 verum
714 567 1034 607 existumabant
1067 572 1212 606 tamen
1247 566 1349 615 quia
1383 566 1424 603 in

72 627 144 667 tali
178 633 373 677 tempore
405 632 523 667 tanta
556 628 622 666 vis
656 627 846 667 hominis
880 627 1020 676 magis
1054 625 1263 665 leniunda
1293 636 1424 673 quarn

20 692 54 720 10
74 687 338 737 exagitanda
369 686 609 732 videbatur,
643 686 838 736 plerique
867 685 1022 726 Crasso
1051 696 1102 725 ex
1130 685 1318 734 negotiis
1347 685 1426 733 pri-

71 747 183 786 vatis
211 747 402 792 obnoxii,
435 746 710 785 conclamant
738 745 925 785 indicem
953 745 1108 784 falsum
1138 755 1247 789 esse,
1282 744 1425 792 deque

74 817 124 845 ea
146 817 188 845 re
210 806 432 854 postulant
454 806 512 844 uti
535 805 747 845 referatur.
781 806 927 854 itaque
944 804 1200 844 consulente
1217 803 1424 843 Cicerone
1453 808 1474 839 6

72 865 276 914 frequens
323 871 499 905 senatus
545 865 735 904 decernit
774 865 979 914 Tarquini
1020 863 1228 903 indicium
1268 862 1425 902 falsum

73 924 208 964 videri
242 935 432 974 eumque
466 925 507 963 in
540 924 725 964 vinculis
759 923 1031 963 retinendum
1066 934 1210 972 neque
1237 921 1425 971 amplius

20 989 54 1016 15
74 988 333 1033 potestatem
355 983 616 1029 faciundam,
643 984 726 1022 nisi
750 983 804 1022 de
826 994 878 1023 eo
901 983 1119 1028 indicaret,
1144 983 1304 1031 quoius
1325 992 1425 1021 con-

72 1042 169 1082 silio
198 1047 360 1082 tantam
388 1054 477 1082 rem
505 1047 621 1083 esset
647 1043 864 1083 mentitus.
905 1047 1023 1082 erant
1052 1053 1104 1081 eo
1133 1046 1329 1090 tempore
1350 1041 1424 1090 qui
1452 1044 1472 1075 7

73 1103 382 1142 existumarent
408 1102 616 1142 indicium
644 1102 749 1141 illud
778 1113 803 1141 a
823 1102 866 1141 P.
881 1102 1092 1141 Autronio
1117 1101 1425 1145 machinatum,

73 1173 161 1210 quo
199 1161 365 1201 facilius
402 1161 622 1211 appellato
661 1161 816 1202 Crasso
851 1173 926 1210 per
959 1162 1212 1201 societatem
1247 1159 1424 1208 periculi

73 1220 264 1270 reliquos
291 1221 404 1261 illius
429 1222 624 1270 potentia
644 1226 818 1271 tegeret.
857 1220 928 1259 alii
951 1220 1232 1269 Tarquinium
1261 1231 1286 1258 a
1307 1218 1425 1258 Cice·
1451 1222 1472 1253 S

14 1284 50 1312 20
73 1291 179 1319 rone
206 1281 434 1320 inmissum
462 1281 650 1326 aiebant,
678 1292 732 1320 ne
757 1279 937 1320 Crassus
966 1291 1085 1319 more
1112 1290 1192 1318 suo
1221 1283 1425 1327 suscepto

73 1339 286 1378 malorum
321 1340 562 1389 patrocinio
590 1351 679 1379 rem
708 1339 927 1389 publicam
955 1339 1239 1378 conturbaret.
1280 1339 1424 1387 ipsum
1452 1340 1473 1372 9

74 1396 279 1438 Crassum
308 1410 390 1448 ego
420 1404 573 1448 postea
601 1399 923 1448 praedicantem
951 1398 1098 1437 audivi
1120 1402 1283 1437 tantam
1307 1396 1423 1435 illam

75 1457 388 1498 contumeliam
416 1458 497 1497 sibi
525 1458 580 1497 ab
609 1458 816 1498 Cicerone
843 1458 1089 1507 inpositam.

134 1516 221 1556 Sed
253 1517 393 1557 isdem
426 1518 695 1567 temporibus
723 1517 772 1561 Q.
795 1517 972 1557 Catulus
1000 1522 1041 1556 et
1068 1515 1111 1556 C.
1133 1517 1231 1556 Piso
1261 1512 1486 1565 [neque49

19 1580 55 1609 25
75 1573 291 1625 precibus]
313 1588 458 1626 neque
479 1577 615 1625 pretio
637 1588 782 1626 neque
796 1577 933 1626 gratia
949 1575 1201 1616 Ciceronem
1219 1575 1425 1624 inpellere

75 1641 268 1684 potuere,
289 1637 349 1675 uti
371 1647 445 1685 per
466 1635 727 1686 Allobroges
748 1642 821 1675 aut
842 1636 974 1675 alium
997 1635 1184 1675 indicem
1208 1634 1250 1674 C.
1268 1634 1426 1674 Caesar

74 1694 185 1734 falso
214 1695 519 1735 nominaretur.
558 1706 659 1734 nam
687 1701 867 1745 uterque
894 1706 992 1734 cum
1020 1694 1093 1734 illo
1122 1695 1265 1744 gravis
1288 1695 1426 1732 inimi-
1453 1695 1473 1725 2

75 1754 196 1793 citias
219 1754 462 1794 exercebat:
483 1754 582 1794 Piso
605 1759 885 1805 oppugnatus
907 1755 948 1793 in
966 1754 1125 1793 iudicio
1143 1755 1424 1802 pecuniarum

76 1813 410 1861 repetundarum
458 1819 630 1862 propter
675 1814 937 1863 quoiusdam
980 1813 1279 1862 Transpadani
1326 1824 1425 1861 sup-

20 1877 57 1905 30
77 1871 252 1921 plicium
274 1873 494 1920 iniustum,
522 1872 698 1913 Catulus
720 1884 771 1912 ex
793 1873 1000 1922 petitione
1023 1872 1299 1921 pontificatus
1322 1871 1424 1911 odio

77 1931 293 1977 incensus,
314 1932 433 1981 quod
449 1937 641 1972 extrema
655 1937 806 1977 aetate,
822 1932 1037 1971 maxumis
1053 1931 1292 1971 honoribus
1308 1943 1425 1975 usus,

137 2012 181 2044 23
208 2021 228 2043 a
253 2012 400 2044 BYlsn
487 2013 531 2045 24
551 2014 617 2045 sed
639 2038 646 2045 .
661 2039 669 2046 .
685 2038 692 2045 .
715 2017 865 2052 potuere
885 2014 1000 2045 Prisc.
1013 2023 1170 2052 mamm.
1186 2013 1218 2044 ΙΙ
1235 2016 1307 2049 359,
1322 2017 1359 2044 19
1379 2014 1425 2053 ef.

77 2059 172 2091 Dic-t.
189 2063 266 2097 1,13
286 2057 423 2099 (neque
452 2061 564 2099 pretio
592 2069 714 2100 neque
733 2060 865 2100 gratia)
916 2061 1031 2092 isdem
1049 2085 1056 2092 .
1073 2086 1079 2092 .
1096 2086 1102 2092 .
1118 2060 1203 2091 Piso
1224 2060 1424 2092 0111.P1·'l's(·.

137 2115 258 2146 neque
284 2108 399 2146 pretio
426 2116 547 2147 neque
573 2109 688 2147 gratia
714 2109 828 2140 PriSc.
850 2108 893 2147 ef.
916 2108 1011 2140 Diei.
1106 2116 1228 2146 neque
1257 2108 1425 2146 precibus

77 2162 112 2185 n.
133 2154 248 2193 gratia
269 2163 303 2186 n.
326 2156 442 2193 pretio
464 2155 654 2187 XNKMT
675 2153 856 2194 (proemio
876 2164 946 2195 pro
968 2154 1099 2194 pretio)
1121 2156 1191 2186 lsn
1289 2164 1324 2186 n.
1346 2164 1424 2193 pre-

77 2202 180 2232 cibus
208 2210 242 2233 n.
263 2202 378 2240 pretio
407 2211 440 2234 n.
461 2204 576 2241 gratia
602 2202 666 2234 DF
693 2212 726 2234 n.
747 2204 863 2242 gratia
890 2212 924 2234 n.
946 2203 1114 2241 precibus
1140 2211 1174 2235 n.
1198 2204 1312 2240 pretio
1339 2201 1426 2241 Hm,

77 2257 109 2280 υ.
131 2248 207 2287 [119.
227 2252 312 2287 29,3
397 2249 440 2281 25
469 2249 682 2281 Ciceronem
711 2260 780 2282 om.
803 2251 917 2281 prise.
1004 2250 1141 2288 impelli
1170 2250 1284 2288 quivit
1311 2250 1424 2281 Prisc.

138 2294 180 2326 28
207 2297 426 2328 exercebant
452 2292 574 2330 P¹AT
