1593 2496
145 56 204 96 60
581 49 621 87 C.
642 49 886 87 SALLUSTI
913 49 1072 87 CRISPI

146 163 365 214 praesidia
397 164 517 214 regni
552 167 663 209 sunt,
695 174 847 202 verum
880 163 1021 209 amici,
1058 174 1170 212 quos
1196 174 1342 212 neque
1369 163 1499 203 armis

150 234 307 273 cogere
340 233 483 272 neque
504 233 610 262 auro
633 233 782 272 parare
809 233 963 271 queas:
991 222 1135 262 officio
1157 226 1198 262 et
1219 222 1306 262 fide
1328 223 1499 271 pariun-

150 287 228 323 tur.
271 283 367 332 quis
400 286 546 322 autem
574 282 752 322 amicior
778 292 911 331 quam
937 281 1063 321 frater
1088 281 1230 322 tratri?
1268 287 1342 324 aut
1368 292 1500 331 quem

103 349 124 381 5
151 341 342 382 alienum
385 341 521 380 fidum
561 341 771 387 invenies,
815 341 850 380 si
886 340 971 380 tuis
1009 340 1147 380 hostis
1185 341 1345 381 fueris?
1382 341 1501 390 equi-

103 409 125 439 6
153 401 254 441 dem
279 411 363 450 ego
389 400 517 440 vobis
545 411 727 450 regnum
750 400 872 440 trado
894 400 1078 446 firmum,
1105 401 1139 439 si
1160 400 1266 440 boni
1287 400 1414 446 eritis,
1434 401 1501 439 sin
1531 412 1550 438 5

145 460 260 506 mali,
296 458 559 499 inbecillum.
598 471 700 499 narn
734 459 969 500 concordia
1001 470 1162 508 parvae
1196 471 1262 499 res
1289 463 1498 505 crescunt,

146 519 364 560 discordia
391 529 625 559 maxumae
652 518 911 559 dilabuntur.

98 581 117 611 7
207 578 406 619 Ceterum
428 583 528 618 ante
549 579 631 618 hos
653 583 706 624 te,
726 577 941 628 Iugurtha,
969 578 1043 627 qui
1063 582 1206 617 aetate
1227 582 1268 618 et
1284 578 1500 627 sapientia

147 638 261 688 prior
287 649 346 684 es,
378 649 433 678 ne
460 637 581 677 aliter
608 638 713 688 quid
741 637 926 684 eveniat,
959 637 1188 687 providere
1215 637 1351 677 decet.
1397 648 1498 676 nam

147 698 191 737 in
226 697 345 738 omni
378 698 612 737 certamine
642 698 715 747 qui
743 696 990 747 opulentior
1017 701 1093 743 est,
1126 698 1256 736 etiam
1283 697 1319 736 si
1345 696 1501 746 accipit
1522 708 1556 735 ιο

99 764 120 795 8
147 757 360 802 iniuriam,
392 762 550 803 tamen,
583 757 687 806 quia
715 756 812 806 plus
839 760 994 805 potest,
1027 756 1166 796 facere
1193 756 1376 796 videtur.
1418 766 1501 795 vos

146 820 306 862 autern,
338 815 559 856 Adherbal
594 821 635 856 et
661 815 900 865 Hiempsal,
933 815 1072 861 colite,
1107 816 1336 855 observate
1369 814 1500 854 talem

146 876 264 916 hunc
282 876 434 921 virum,
455 876 685 915 imitamini
707 876 908 915 virtutem
930 880 971 914 et
992 875 1216 920 enitimini,
1237 886 1292 914 ne
1314 885 1397 924 ego
1413 885 1501 913 me-

146 935 276 976 liores
304 935 462 975 liberos
490 935 732 985 sumpsisse
758 934 908 974 videar
935 946 1067 984 quam
1095 930 1330 984 genuisse.'

85 994 130 1031 11
205 994 273 1034 Ad
307 1005 360 1034 ea
385 994 600 1044 Iugurtha,
632 995 803 1034 tametsi
836 1005 983 1044 regem
1018 994 1117 1033 ficta
1151 993 1344 1034 locutum
1377 991 1554 1032 intel-15

145 1054 320 1104 legebat
346 1058 387 1094 et
413 1055 507 1103 ipse
534 1054 667 1104 longe
693 1053 814 1093 aliter
839 1054 988 1093 animo
1016 1053 1220 1103 agitabat,
1248 1057 1394 1092 tamen
1422 1063 1498 1101 pro

147 1117 343 1163 tempore
370 1114 561 1163 benigne
588 1113 824 1163 respondit.

99 1183 118 1214 2
207 1172 390 1222 Micipsa
429 1173 580 1222 paucis
614 1177 713 1222 post
746 1172 901 1211 diebus
934 1172 1123 1211 moritur.
1172 1175 1406 1220 postquam
1440 1170 1499 1209 illi

146 1243 267 1272 more
288 1233 408 1283 regio
430 1233 543 1272 iusta
563 1232 796 1283 magnifice
817 1231 1018 1277 fecerant,
1038 1230 1174 1280 reguli
1196 1231 1239 1269 in
1251 1241 1387 1270 unum
1400 1240 1501 1269 con-

146 1297 370 1338 venerunt,
403 1297 449 1331 ut
482 1292 590 1332 inter
622 1303 670 1332 se
703 1291 757 1331 de
790 1292 955 1331 cunctis
983 1290 1170 1340 negotiis
1198 1290 1500 1339 disceptarent.
1520 1301 1555 1328 ευ

99 1362 119 1393 3
146 1351 225 1391 sed
253 1351 491 1401 Hiempsal,
524 1353 599 1401 qui
632 1352 853 1391 minumus
885 1362 936 1390 ex
964 1349 1047 1389 illis
1075 1353 1174 1395 erat,
1202 1353 1355 1388 natura
1380 1348 1501 1388 ferox

147 1414 189 1450 et
215 1411 301 1450 iam
328 1416 457 1451 antea
479 1410 796 1461 ignobilitatem
818 1409 1061 1460 Iugurthae,
1088 1409 1191 1459 quia
1211 1412 1406 1448 materno
1428 1418 1499 1457 ge-

146 1481 249 1509 nere
273 1471 396 1519 inpar
417 1476 518 1516 erat,
545 1471 804 1520 despiciens,
832 1469 981 1509 dextra
1001 1468 1296 1508 Adherbalem
1317 1467 1501 1513 adsedit,

147 1540 203 1569 ne
236 1529 407 1569 medius
441 1541 493 1569 ex
526 1530 673 1575 tribus,
706 1529 825 1579 quod
857 1528 974 1578 apud
1002 1527 1215 1568 Numidas
1242 1527 1397 1567 honori
1424 1525 1501 1565 du-

100 1600 120 1630 4
147 1589 265 1634 citur,
292 1589 496 1639 Iugurtha
522 1589 641 1629 ioret.
681 1589 781 1628 dein
809 1593 968 1633 tamen,
1002 1592 1047 1626 ut
1074 1588 1203 1627 aetati
1231 1585 1500 1631 concederet,
1519 1596 1555 1623 25

148 1648 352 1698 fatigatus
373 1659 398 1687 a
419 1648 555 1694 tratre,
582 1650 654 1688 vix
676 1649 718 1687 in
741 1652 905 1698 partem
927 1647 1106 1686 alteram
1127 1645 1402 1686 transductus
1424 1649 1499 1684 est.

101 1713 120 1743 5
148 1707 207 1747 ibi
240 1719 374 1757 quom
402 1708 538 1747 multa
565 1708 619 1747 de
647 1707 991 1747 administrando
1021 1707 1201 1755 imperio
1229 1705 1500 1750 dissererent,

150 1796 1494 1822 -—————·——.——-——2-—.—-

208 1895 222 1927 1
253 1894 390 1935 verum]
417 1897 484 1928 sed
506 1896 694 1936 Euyraplz.
745 1895 853 1927 armis
879 1904 1005 1933 parare
1025 1902 1146 1933 neque
1168 1894 1283 1932 pretio
1304 1893 1499 1931 quisquam

149 1944 267 1982 possit
285 1943 477 1983 Euyraph,
551 1943 571 1975 2
594 1946 764 1982 parantur
784 1937 954 1974 Ac¹F²n
1010 1941 1032 1974 3
1058 1942 1208 1973 amicior
1226 1934 1501 1972 VPA¹B²Nn²

149 1991 328 2023 amicitior
359 1991 440 2023 rell,
536 1990 558 2021 6
585 2000 668 2022 nam
691 2014 699 2022 .
715 2013 724 2022 .
740 2013 748 2021 .
769 1990 978 2022 dilabuntur
1002 1989 1108 2021 *Sem
1135 1989 1242 2028 epist.
1264 1991 1313 2026 15,
1328 1983 1445 2026 2(94),
1459 1990 1503 2018 46

208 2037 230 2069 8
256 2038 318 2077 qui
344 2038 528 2070 VXNnm
556 2039 643 2078 quia
668 2032 895 2070 PA²C²Yls
916 2037 978 2076 qui
999 2037 1045 2068 de
1065 2036 1101 2068 M
1175 2035 1196 2066 9
1216 2044 1301 2066 nam
1397 2033 1499 2065 vide-

148 2088 203 2117 tur
228 2085 380 2125 *Quint
400 2087 488 2118 inst.
506 2089 537 2125 8,
550 2089 581 2123 5,
595 2090 615 2117 4
703 2085 741 2117 11
771 2093 838 2117 vos
859 2108 867 2116 .
882 2108 891 2116 .
906 2108 914 2116 .
935 2083 1115 2116 enitimini
1141 2083 1257 2115 Prisc.
1275 2090 1434 2122 yramm.
1452 2080 1502 2112 III

148 2136 220 2171 455,
233 2136 275 2164 32
326 2132 368 2164 12
380 2133 490 2165 colite
504 2136 540 2166 et
550 2134 630 2166 obs.
645 2132 738 2165 TFn
753 2132 868 2165 Pr1'sc.
921 2131 963 2164 13
978 2128 1172 2168 enitimini]
1183 2128 1499 2162 intueminiPrisc.

211 2179 254 2212 18
274 2183 469 2219 postquam
491 2203 500 2212 .
515 2204 524 2212 .
539 2204 547 2212 .
567 2183 820 2212 convenerunt
838 2180 953 2211 Pr1'se.
974 2187 1131 2217 gramm.
1151 2178 1184 2210 Il
1202 2180 1273 2215 101,
1289 2180 1329 2208 18
1377 2175 1451 2207 illi.
1467 2198 1475 2206 .
1490 2198 1499 2206 .

148 2227 309 2260 fecerant
329 2237 401 2259 om.
421 2228 536 2260 Prisc.
608 2227 650 2259 19
670 2235 877 2260 convenere
898 2227 1014 2258 Prisc.
1082 2225 1126 2258 23
1147 2225 1275 2264 impari
1294 2223 1322 2255 Ρ
1337 2217 1499 2263 ἰῑηραῐΗΝ

147 2275 265 2314 impar
295 2275 330 2308 ei
362 2276 373 2306 l
471 2276 597 2307 dextra
629 2275 725 2306 Adh.
747 2275 824 2306 ads.
846 2274 952 2306 Aras.
971 2282 1128 2312 qramm.
1147 2272 1205 2304 Vll
1222 2275 1293 2309 452,
1311 2274 1349 2302 13
1383 2270 1500 2303 Pn'sc.

147 2331 306 2362 yramm.
324 2322 375 2354 III
396 2326 469 2358 312,
484 2326 521 2354 :³1
