1593 2496
128 65 184 105 82
556 58 597 96 C.
618 58 863 96 SALLUSTI
891 58 1050 96 CRISPI

60 171 120 212 33
188 172 319 223 Igitur
344 171 548 222 Iugurtha
575 175 723 212 contra
749 171 883 211 decus
910 172 1076 222 regium
1098 172 1214 212 cultu
1236 183 1368 222 quam
1389 184 1479 212 ma-

78 235 102 267 2
130 243 260 272 xume
287 231 520 271 miserabili
547 242 647 270 cum
675 229 826 271 Cassio
854 229 1038 270 Romam
1063 232 1194 272 venit.
1229 243 1280 271 ac
1306 232 1478 272 tametsi

128 293 172 332 in
200 292 296 341 ipso
324 301 485 340 magna
504 291 570 329 vis
597 290 730 330 animi
759 294 859 336 erat,
886 290 1165 330 confirmatus
1185 291 1240 331 ab
1262 291 1478 337 omnibus,

130 362 315 401 quorum
350 350 545 399 potentia
576 353 651 389 aut
683 348 845 389 scelere
875 353 1030 389 cuncta
1056 361 1109 389 ea
1134 354 1339 400 gesserat,
1365 361 1480 400 quae

130 421 261 460 supra
281 409 482 455 diximus,
503 407 548 448 C.
563 408 775 448 Baebium
795 408 1015 448 tribunum
1037 408 1176 457 plebis
1197 420 1358 459 magna
1371 420 1480 449 mer·
1509 418 1529 445 5

130 469 238 510 cede
260 473 391 518 parat,
419 469 577 518 quoius
599 467 855 517 inpudentia
878 469 1108 507 contraius
1130 472 1171 508 et
1192 469 1368 508 iniurias
1388 479 1480 508 om-

81 530 103 562 3
130 530 199 569 nis
232 529 424 567 munitus
458 527 576 567 foret.
615 532 658 566 at
691 525 734 566 C.
762 526 995 566 Memmius
1022 527 1238 567 advocata
1263 529 1480 574 contione,

132 598 400 638 quamquam
434 587 523 636 regi
559 585 714 626 infesta
747 585 899 635 plebes
932 590 1021 626 erat
1050 590 1093 626 et
1118 597 1217 636 pars
1243 587 1286 626 in
1306 586 1482 626 vincula

132 648 231 686 duci
253 646 442 692 iubebat,
464 656 574 695 pars,
594 646 676 685 nisi
698 646 843 685 socios
865 645 1038 685 sceleris
1059 646 1126 685 sui
1147 647 1340 695 aperiret,
1361 656 1482 685 more

133 707 346 746 maiorum
368 705 422 745 de
444 705 570 745 hoste
591 704 854 754 supplicium
875 705 1000 751 sumi,
1022 705 1220 755 dignitati
1241 716 1373 755 quam
1395 705 1482 744 irae
1502 713 1537 740 ιο

133 767 273 816 magis
294 764 527 805 consulens
549 764 703 803 sedare
723 768 868 803 motus
890 768 930 803 et
949 765 1120 804 animos
1138 775 1288 804 eorum
1303 763 1482 810 mollire,

136 830 354 874 postremo
371 823 626 863 confirmare
642 823 773 862 iidem
790 822 1010 872 publicam
1027 835 1102 872 per
1116 835 1213 863 sese
1229 823 1482 864 inviolatam

80 886 106 917 4
134 885 235 925 fore.
263 888 362 933 post
382 883 455 922 ubi
476 882 696 922 silentium
719 882 873 931 coepit,
895 882 1106 931 producto
1127 882 1331 933 Iugurtha
1349 882 1484 922 verba

134 945 244 990 iacit,
270 942 435 983 Romae
456 941 778 991 Numidiaeque
804 941 997 981 facinora
1024 943 1116 982 eius
1144 946 1367 988 memorat,
1394 953 1484 981 sce-

134 1003 222 1043 lera
254 1003 297 1042 in
331 1006 496 1051 patrem
529 1001 766 1050 fratresque
800 1000 1002 1041 ostendit.
1042 1001 1201 1051 quibus
1234 1001 1484 1041 iuvantibus
1505 1009 1538 1036 15

134 1062 382 1113 quibusque
402 1061 606 1100 ministris
627 1071 679 1100 ea
701 1061 846 1110 egerit,
873 1071 1140 1110 quamquam
1164 1061 1388 1110 intellegat
1409 1071 1485 1109 po-

136 1121 263 1171 polus
289 1120 523 1166 Romanus,
556 1125 701 1159 tamen
728 1119 842 1159 velle
874 1119 1120 1159 manufesta
1153 1121 1292 1170 magis
1327 1131 1379 1160 ex
1409 1119 1483 1159 illo

136 1181 307 1221 habere.
335 1181 369 1219 si
384 1191 535 1220 verum
557 1180 732 1229 aperiat,
754 1179 795 1217 in
817 1178 903 1218 lide
925 1183 965 1218 et
987 1178 1218 1219 clementia
1237 1178 1389 1229 populi
1404 1177 1485 1218 Ro-

138 1241 252 1279 mani
280 1250 486 1289 magnam
513 1250 636 1288 spem
665 1238 723 1277 illi
752 1238 897 1283 sitam;
932 1239 999 1277 sin
1026 1239 1212 1285 reticeat,
1239 1249 1327 1278 non
1355 1238 1485 1278 sociis

63 1298 121 1337 34
135 1300 262 1339 saluti
284 1299 386 1345 iore,
407 1298 484 1338 sed
505 1309 553 1338 se
574 1309 766 1346 suasque
787 1308 889 1346 spes
904 1301 1214 1346 corrupturum.
1236 1297 1396 1337 deinde
1411 1297 1485 1336 ubi
1504 1304 1540 1332 20

137 1359 369 1399 Memmius
404 1357 580 1398 dicundi
615 1357 746 1396 finem
781 1356 879 1396 lecit
912 1360 953 1395 et
985 1356 1189 1406 Iugurtha
1222 1356 1486 1406 respondere

138 1419 281 1458 iussus
303 1422 378 1464 est,
400 1417 443 1457 C.
458 1417 647 1457 Baebius
663 1416 858 1456 tribunus
875 1415 1026 1465 plebis,
1049 1427 1179 1465 quem
1196 1416 1382 1466 pecunia
1397 1426 1486 1455 cor·

138 1482 309 1527 ruptum
340 1488 470 1526 supra
497 1477 697 1521 diximus,
730 1486 876 1524 regem
905 1479 1046 1514 tacere
1073 1475 1203 1521 iubet,
1239 1486 1289 1515 ac
1314 1474 1487 1515 tametsi

139 1536 381 1582 multitudo,
403 1547 516 1586 quae
537 1536 579 1574 in
602 1535 806 1574 contione
827 1534 986 1580 aderat,
1006 1534 1287 1574 vehementer
1302 1544 1487 1574 accensa

139 1596 323 1636 terrebat
353 1607 452 1635 eum
481 1594 682 1639 clamore,
714 1593 848 1640 voltu,
881 1604 1014 1643 saepe
1041 1594 1206 1643 impetu
1233 1598 1364 1644 atque
1390 1593 1486 1632 aliis
1505 1601 1541 1628 25

88 1658 111 1690 2
141 1656 355 1700 omnibus.
377 1665 491 1704 quae
511 1655 572 1693 ira
592 1654 683 1693 fieri
704 1657 832 1698 amat,
853 1653 955 1692 vicit
975 1657 1120 1692 tamen
1136 1653 1403 1702 inpudentia.
1430 1652 1489 1691 ita

141 1714 330 1764 populus
351 1714 536 1753 ludibrio
558 1713 731 1753 habitus
748 1723 799 1752 ex
814 1712 1019 1752 contione
1035 1712 1235 1757 discedit;
1255 1711 1487 1762 Iugurthae

140 1774 402 1823 Bestiaeque
424 1777 464 1812 et
486 1773 648 1818 ceteris,
670 1783 781 1821 quos
803 1771 874 1810 illa
896 1771 1094 1821 quaestio
1117 1771 1377 1821 exagitabat,
1398 1771 1489 1809 ani-

141 1834 199 1872 mi
227 1837 479 1882 augescunt.

70 1893 130 1933 :35
200 1892 297 1931 Erat
329 1903 381 1932 ea
410 1895 669 1941 tempestate
696 1889 861 1930 Romae
887 1888 1078 1928 Numida
1104 1889 1282 1939 quidam
1310 1890 1489 1929 nomine
1507 1897 1543 1924 3ο

140 1951 352 1997 Massiva,
385 1950 601 1991 Gulussae
634 1949 759 1995 iilius,
793 1948 1051 1988 Masinissae
1083 1959 1235 1997 nepos,
1267 1949 1354 1998 qui,
1386 1949 1489 1998 quia

141 2012 184 2050 in
213 2010 487 2050 dissensione
508 2020 659 2059 regum
680 2008 912 2058 Iugurthae
932 2007 1146 2047 advorsus
1166 2007 1314 2053 iuerat,
1342 2007 1489 2047 dedita

143 2069 254 2110 Cirta
279 2074 319 2109 et
338 2069 587 2109 Adherbale
608 2067 829 2107 interfecto
852 2066 1059 2116 profugus
1082 2077 1133 2106 ex
1155 2068 1292 2116 patria
1312 2067 1490 2106 abierat.

90 2131 114 2163 2
142 2129 243 2168 huic
264 2128 335 2177 Sp.
356 2128 553 2174 Albinus,
581 2128 654 2177 qui
681 2137 894 2176 proxumo
922 2136 1038 2165 anno
1060 2130 1159 2174 post
1179 2126 1368 2166 Bestiam
1391 2137 1488 2165 cum

204 2222 219 2253 1
249 2222 346 2254 cultu
368 2246 376 2253 .
392 2246 420 2254 ..
441 2222 541 2253 venit
566 2220 666 2254 Serv.
685 2229 813 2260 yeory.
834 2222 897 2257 1,3
987 2218 1008 2250 2
1035 2227 1115 2250 cum
1144 2218 1272 2251 Cassio
1298 2228 1369 2250 om.
1389 2218 1487 2251 Serv.

201 2269 223 2301 8
256 2269 360 2308 plebs
395 2263 581 2301 A²Hrin
681 2266 723 2298 18
756 2275 840 2299 vera
872 2262 1039 2305 Y(-K)m
1114 2267 1252 2305 aperiet
1278 2265 1310 2297 A
1337 2267 1491 2305 aperiret

142 2314 303 2355 Y(-K)m
377 2316 422 2348 33
450 2317 563 2354 patria
589 2315 617 2346 P
646 2313 765 2346 Africa
791 2313 868 2345 rell.
