<?xml version="1.0" encoding="UTF-8"?>
<!DOCTYPE html PUBLIC "-//W3C//DTD XHTML 1.0 Transitional//EN"
    "http://www.w3.org/TR/xhtml1/DTD/xhtml1-transitional.dtd">
<html xmlns="http://www.w3.org/1999/xhtml" xml:lang="en" lang="en">
 <head>
  <title>
</title>
<meta http-equiv="Content-Type" content="text/html;charset=utf-8" />
  <meta name='ocr-system' content='tesseract 3.04.00' />
  <meta name='ocr-capabilities' content='ocr_page ocr_carea ocr_par ocr_line ocrx_word'/>
</head>
<body>
  <div class='ocr_page' id='page_1' title='image "./catilinaiugurtha00salluoft_0077.png"; bbox 0 0 1593 2496; ppageno 0'>
   <div class='ocr_carea' id='block_1_1' title="bbox 426 65 1433 106">
    <p class='ocr_par' dir='ltr' id='par_1_1' title="bbox 426 65 1433 106">
     <span class='ocr_line' id='line_1_1' title="bbox 426 65 1433 106; baseline -0.008 -1"><span class='ocrx_word' id='word_1_1' title='bbox 426 69 630 105; x_wconf 88' lang='lat' dir='ltr'>BELLUM</span> <span class='ocrx_word' id='word_1_2' title='bbox 659 65 1021 103; x_wconf 87' lang='lat' dir='ltr'>IUGURTHINUM</span> <span class='ocrx_word' id='word_1_3' title='bbox 1052 69 1094 100; x_wconf 78' lang='lat'>14</span> <span class='ocrx_word' id='word_1_4' title='bbox 1375 67 1433 106; x_wconf 84' lang='lat'>65</span> 
     </span>
    </p>
   </div>
   <div class='ocr_carea' id='block_1_2' title="bbox 37 175 1509 2127">
    <p class='ocr_par' dir='ltr' id='par_1_2' title="bbox 83 175 1433 408">
     <span class='ocr_line' id='line_1_2' title="bbox 83 175 1431 231; baseline -0.007 -7"><span class='ocrx_word' id='word_1_5' title='bbox 83 185 214 224; x_wconf 89' lang='lat' dir='ltr'>tincta</span> <span class='ocrx_word' id='word_1_6' title='bbox 246 188 357 223; x_wconf 89' lang='lat' dir='ltr'>sunt.</span> <span class='ocrx_word' id='word_1_7' title='bbox 403 186 533 231; x_wconf 85' lang='lat' dir='ltr'>pater,</span> <span class='ocrx_word' id='word_1_8' title='bbox 567 182 626 220; x_wconf 82' lang='lat' dir='ltr'>uti</span> <span class='ocrx_word' id='word_1_9' title='bbox 657 190 839 219; x_wconf 87' lang='lat' dir='ltr'>necesse</span> <span class='ocrx_word' id='word_1_10' title='bbox 866 182 966 223; x_wconf 88' lang='lat' dir='ltr'>erat,</span> <span class='ocrx_word' id='word_1_11' title='bbox 998 181 1178 216; x_wconf 85' lang='lat' dir='ltr'>naturae</span> <span class='ocrx_word' id='word_1_12' title='bbox 1205 175 1431 215; x_wconf 84' lang='lat' dir='ltr'><strong>concessit.</strong></span> 
     </span>
     <span class='ocr_line' id='line_1_3' title="bbox 84 235 1432 292; baseline -0.007 -9"><span class='ocrx_word' id='word_1_13' title='bbox 84 243 208 289; x_wconf 82' lang='lat' dir='ltr'>fratri,</span> <span class='ocrx_word' id='word_1_14' title='bbox 241 253 371 292; x_wconf 87' lang='lat' dir='ltr'>quem</span> <span class='ocrx_word' id='word_1_15' title='bbox 400 241 593 281; x_wconf 82' lang='lat' dir='ltr'><strong>minume</strong></span> <span class='ocrx_word' id='word_1_16' title='bbox 621 240 777 285; x_wconf 84' lang='lat' dir='ltr'>decuit,</span> <span class='ocrx_word' id='word_1_17' title='bbox 805 239 1076 288; x_wconf 87' lang='lat' dir='ltr'>propinquos</span> <span class='ocrx_word' id='word_1_18' title='bbox 1104 247 1179 285; x_wconf 92' lang='lat' dir='ltr'>per</span> <span class='ocrx_word' id='word_1_19' title='bbox 1204 235 1346 274; x_wconf 88' lang='lat' dir='ltr'>scelus</span> <span class='ocrx_word' id='word_1_20' title='bbox 1372 235 1432 273; x_wconf 89' lang='lat' dir='ltr'>vi-</span> 
     </span>
     <span class='ocr_line' id='line_1_4' title="bbox 85 298 1433 351; baseline -0.007 -9"><span class='ocrx_word' id='word_1_21' title='bbox 85 308 172 342; x_wconf 90' lang='lat' dir='ltr'>tam</span> <span class='ocrx_word' id='word_1_22' title='bbox 209 302 374 351; x_wconf 88' lang='lat' dir='ltr'>eripuit.</span> <span class='ocrx_word' id='word_1_23' title='bbox 422 300 563 339; x_wconf 80' lang='lat' dir='ltr'>affinis</span> <span class='ocrx_word' id='word_1_24' title='bbox 600 299 764 338; x_wconf 87' lang='lat' dir='ltr'>amicos</span> <span class='ocrx_word' id='word_1_25' title='bbox 802 298 1071 347; x_wconf 88' lang='lat' dir='ltr'>propinquos</span> <span class='ocrx_word' id='word_1_26' title='bbox 1109 299 1273 335; x_wconf 88' lang='lat' dir='ltr'>ceteros</span> <span class='ocrx_word' id='word_1_27' title='bbox 1309 304 1433 333; x_wconf 90' lang='lat' dir='ltr'>meos</span> 
     </span>
     <span class='ocr_line' id='line_1_5' title="bbox 86 353 1432 408; baseline -0.008 -6"><span class='ocrx_word' id='word_1_28' title='bbox 86 362 219 402; x_wconf 90' lang='lat' dir='ltr'>alium</span> <span class='ocrx_word' id='word_1_29' title='bbox 252 361 337 400; x_wconf 88' lang='lat' dir='ltr'>alia</span> <span class='ocrx_word' id='word_1_30' title='bbox 369 360 515 399; x_wconf 92' lang='lat' dir='ltr'>clades</span> <span class='ocrx_word' id='word_1_31' title='bbox 543 358 775 408; x_wconf 84' lang='lat' dir='ltr'>oppressit:</span> <span class='ocrx_word' id='word_1_32' title='bbox 810 357 923 406; x_wconf 91' lang='lat' dir='ltr'>capti</span> <span class='ocrx_word' id='word_1_33' title='bbox 953 356 1008 395; x_wconf 94' lang='lat' dir='ltr'>ab</span> <span class='ocrx_word' id='word_1_34' title='bbox 1035 354 1239 405; x_wconf 85' lang='lat' dir='ltr'>Iugurtha</span> <span class='ocrx_word' id='word_1_35' title='bbox 1266 364 1363 402; x_wconf 91' lang='lat' dir='ltr'>pars</span> <span class='ocrx_word' id='word_1_36' title='bbox 1390 353 1432 391; x_wconf 90' lang='lat' dir='ltr'>in</span> 
     </span>
    </p>

    <p class='ocr_par' dir='ltr' id='par_1_3' title="bbox 43 413 1435 589">
     <span class='ocr_line' id='line_1_6' title="bbox 43 413 1435 469; baseline -0.007 -8"><span class='ocrx_word' id='word_1_37' title='bbox 43 430 61 457; x_wconf 86' lang='lat'><strong>5</strong></span> <span class='ocrx_word' id='word_1_38' title='bbox 87 432 255 462; x_wconf 90' lang='lat' dir='ltr'>crucem</span> <span class='ocrx_word' id='word_1_39' title='bbox 283 420 378 466; x_wconf 83' lang='lat' dir='ltr'>acti,</span> <span class='ocrx_word' id='word_1_40' title='bbox 405 430 503 469; x_wconf 91' lang='lat' dir='ltr'>pars</span> <span class='ocrx_word' id='word_1_41' title='bbox 530 418 679 458; x_wconf 91' lang='lat' dir='ltr'>bestiis</span> <span class='ocrx_word' id='word_1_42' title='bbox 707 417 864 458; x_wconf 91' lang='lat' dir='ltr'>obiecti</span> <span class='ocrx_word' id='word_1_43' title='bbox 891 420 1003 461; x_wconf 88' lang='lat' dir='ltr'>sunt,</span> <span class='ocrx_word' id='word_1_44' title='bbox 1030 415 1169 464; x_wconf 87' lang='lat' dir='ltr'>pauci,</span> <span class='ocrx_word' id='word_1_45' title='bbox 1190 413 1349 463; x_wconf 88' lang='lat' dir='ltr'>quibus</span> <span class='ocrx_word' id='word_1_46' title='bbox 1373 423 1435 451; x_wconf 86' lang='lat' dir='ltr'>re-</span> 
     </span>
     <span class='ocr_line' id='line_1_7' title="bbox 86 471 1433 525; baseline -0.007 -5"><span class='ocrx_word' id='word_1_47' title='bbox 86 481 185 520; x_wconf 88' lang='lat' dir='ltr'>licta</span> <span class='ocrx_word' id='word_1_48' title='bbox 212 484 277 520; x_wconf 91' lang='lat' dir='ltr'>est</span> <span class='ocrx_word' id='word_1_49' title='bbox 303 480 461 525; x_wconf 87' lang='lat' dir='ltr'>anima,</span> <span class='ocrx_word' id='word_1_50' title='bbox 488 478 622 517; x_wconf 92' lang='lat' dir='ltr'>clausi</span> <span class='ocrx_word' id='word_1_51' title='bbox 644 478 686 516; x_wconf 92' lang='lat' dir='ltr'>in</span> <span class='ocrx_word' id='word_1_52' title='bbox 708 476 897 516; x_wconf 91' lang='lat' dir='ltr'>tenebris</span> <span class='ocrx_word' id='word_1_53' title='bbox 918 486 1016 515; x_wconf 91' lang='lat' dir='ltr'>cum</span> <span class='ocrx_word' id='word_1_54' title='bbox 1039 484 1234 513; x_wconf 89' lang='lat' dir='ltr'>maerore</span> <span class='ocrx_word' id='word_1_55' title='bbox 1256 476 1296 512; x_wconf 92' lang='lat' dir='ltr'>et</span> <span class='ocrx_word' id='word_1_56' title='bbox 1317 471 1433 511; x_wconf 85' lang='lat' dir='ltr'>luctu</span> 
     </span>
     <span class='ocr_line' id='line_1_8' title="bbox 87 537 871 589; baseline -0.004 -10"><span class='ocrx_word' id='word_1_57' title='bbox 87 544 223 580; x_wconf 89' lang='lat' dir='ltr'>morte</span> <span class='ocrx_word' id='word_1_58' title='bbox 250 539 492 589; x_wconf 83' lang='lat' dir='ltr'>graviorem</span> <span class='ocrx_word' id='word_1_59' title='bbox 519 538 652 577; x_wconf 88' lang='lat' dir='ltr'>vitam</span> <span class='ocrx_word' id='word_1_60' title='bbox 681 537 871 586; x_wconf 86' lang='lat' dir='ltr'>exigunt.</span> 
     </span>
    </p>

    <p class='ocr_par' dir='ltr' id='par_1_4' title="bbox 88 591 1502 704">
     <span class='ocr_line' id='line_1_9' title="bbox 147 591 1502 647; baseline -0.009 -8"><span class='ocrx_word' id='word_1_61' title='bbox 147 598 191 639; x_wconf 91' lang='lat' dir='ltr'>Si</span> <span class='ocrx_word' id='word_1_62' title='bbox 218 600 379 644; x_wconf 86' lang='lat' dir='ltr'>omnia,</span> <span class='ocrx_word' id='word_1_63' title='bbox 406 608 519 647; x_wconf 90' lang='lat' dir='ltr'>quae</span> <span class='ocrx_word' id='word_1_64' title='bbox 546 601 620 636; x_wconf 90' lang='lat' dir='ltr'>aut</span> <span class='ocrx_word' id='word_1_65' title='bbox 646 596 771 635; x_wconf 86' lang='lat' dir='ltr'>amisi</span> <span class='ocrx_word' id='word_1_66' title='bbox 799 600 872 634; x_wconf 90' lang='lat' dir='ltr'>aut</span> <span class='ocrx_word' id='word_1_67' title='bbox 899 606 952 634; x_wconf 85' lang='lat' dir='ltr'>ex</span> <span class='ocrx_word' id='word_1_68' title='bbox 972 593 1228 633; x_wconf 87' lang='lat' dir='ltr'>necessariis</span> <span class='ocrx_word' id='word_1_69' title='bbox 1249 591 1437 630; x_wconf 85' lang='lat' dir='ltr'>advorsa</span> <span class='ocrx_word' id='word_1_70' title='bbox 1453 592 1502 625; x_wconf 67' lang='grc'>16</span> 
     </span>
     <span class='ocr_line' id='line_1_10' title="bbox 88 652 1437 704; baseline -0.007 -6"><span class='ocrx_word' id='word_1_71' title='bbox 88 659 199 698; x_wconf 82' lang='lat' dir='ltr'>facta</span> <span class='ocrx_word' id='word_1_72' title='bbox 219 662 330 704; x_wconf 90' lang='lat' dir='ltr'>sunt,</span> <span class='ocrx_word' id='word_1_73' title='bbox 352 656 587 697; x_wconf 86' lang='lat' dir='ltr'>incolumia</span> <span class='ocrx_word' id='word_1_74' title='bbox 608 659 844 701; x_wconf 88' lang='lat' dir='ltr'>manerent,</span> <span class='ocrx_word' id='word_1_75' title='bbox 864 659 1022 699; x_wconf 91' lang='lat' dir='ltr'>tamen,</span> <span class='ocrx_word' id='word_1_76' title='bbox 1044 654 1079 692; x_wconf 92' lang='lat' dir='ltr'>si</span> <span class='ocrx_word' id='word_1_77' title='bbox 1101 652 1206 702; x_wconf 90' lang='lat' dir='ltr'>quid</span> <span class='ocrx_word' id='word_1_78' title='bbox 1228 662 1280 691; x_wconf 85' lang='lat' dir='ltr'>ex</span> <span class='ocrx_word' id='word_1_79' title='bbox 1295 652 1437 699; x_wconf 90' lang='lat' dir='ltr'>inpro-</span> 
     </span>
    </p>

    <p class='ocr_par' dir='ltr' id='par_1_5' title="bbox 37 709 1500 1005">
     <span class='ocr_line' id='line_1_11' title="bbox 37 709 1437 764; baseline -0.007 -6"><span class='ocrx_word' id='word_1_80' title='bbox 37 727 70 753; x_wconf 76' lang='grc' dir='ltr'>ω</span> <span class='ocrx_word' id='word_1_81' title='bbox 89 719 185 757; x_wconf 89' lang='lat' dir='ltr'>viso</span> <span class='ocrx_word' id='word_1_82' title='bbox 213 717 315 757; x_wconf 91' lang='lat' dir='ltr'>mali</span> <span class='ocrx_word' id='word_1_83' title='bbox 343 716 583 761; x_wconf 88' lang='lat' dir='ltr'>accidisset,</span> <span class='ocrx_word' id='word_1_84' title='bbox 614 727 696 755; x_wconf 86' lang='lat' dir='ltr'>vos</span> <span class='ocrx_word' id='word_1_85' title='bbox 723 714 997 764; x_wconf 89' lang='lat' dir='ltr'>inplorarem,</span> <span class='ocrx_word' id='word_1_86' title='bbox 1025 717 1167 762; x_wconf 87' lang='lat' dir='ltr'>patres</span> <span class='ocrx_word' id='word_1_87' title='bbox 1195 709 1437 759; x_wconf 85' lang='lat' dir='ltr'>conscripti.</span> 
     </span>
     <span class='ocr_line' id='line_1_12' title="bbox 89 769 1437 827; baseline -0.007 -11"><span class='ocrx_word' id='word_1_88' title='bbox 89 778 248 827; x_wconf 90' lang='lat' dir='ltr'>quibus</span> <span class='ocrx_word' id='word_1_89' title='bbox 281 788 358 826; x_wconf 91' lang='lat' dir='ltr'>pro</span> <span class='ocrx_word' id='word_1_90' title='bbox 392 775 693 826; x_wconf 84' lang='lat' dir='ltr'>magnitudine</span> <span class='ocrx_word' id='word_1_91' title='bbox 727 774 877 824; x_wconf 92' lang='lat' dir='ltr'>imperi</span> <span class='ocrx_word' id='word_1_92' title='bbox 911 775 978 812; x_wconf 90' lang='lat' dir='ltr'>ius</span> <span class='ocrx_word' id='word_1_93' title='bbox 1012 777 1053 812; x_wconf 88' lang='lat' dir='ltr'>et</span> <span class='ocrx_word' id='word_1_94' title='bbox 1086 772 1261 810; x_wconf 91' lang='lat' dir='ltr'>iniurias</span> <span class='ocrx_word' id='word_1_95' title='bbox 1295 769 1437 809; x_wconf 91' lang='lat' dir='ltr'>omnis</span> 
     </span>
     <span class='ocr_line' id='line_1_13' title="bbox 89 828 1500 882; baseline -0.007 -6"><span class='ocrx_word' id='word_1_96' title='bbox 89 847 216 876; x_wconf 86' lang='lat' dir='ltr'>curae</span> <span class='ocrx_word' id='word_1_97' title='bbox 251 847 348 876; x_wconf 88' lang='lat' dir='ltr'>esse</span> <span class='ocrx_word' id='word_1_98' title='bbox 381 835 517 875; x_wconf 89' lang='lat' dir='ltr'>decet.</span> <span class='ocrx_word' id='word_1_99' title='bbox 562 845 677 874; x_wconf 91' lang='lat' dir='ltr'>nunc</span> <span class='ocrx_word' id='word_1_100' title='bbox 709 845 813 874; x_wconf 88' lang='lat' dir='ltr'>vero</span> <span class='ocrx_word' id='word_1_101' title='bbox 848 833 946 873; x_wconf 86' lang='lat' dir='ltr'>exul</span> <span class='ocrx_word' id='word_1_102' title='bbox 975 832 1111 882; x_wconf 91' lang='lat' dir='ltr'>patria</span> <span class='ocrx_word' id='word_1_103' title='bbox 1138 831 1284 875; x_wconf 86' lang='lat' dir='ltr'>domo,</span> <span class='ocrx_word' id='word_1_104' title='bbox 1318 828 1500 868; x_wconf 69' lang='lat' dir='ltr'>solusw</span> 
     </span>
     <span class='ocr_line' id='line_1_14' title="bbox 89 888 1437 945; baseline -0.007 -10"><span class='ocrx_word' id='word_1_105' title='bbox 89 900 220 945; x_wconf 88' lang='lat' dir='ltr'>atque</span> <span class='ocrx_word' id='word_1_106' title='bbox 247 896 445 937; x_wconf 86' lang='lat' dir='ltr'>omnium</span> <span class='ocrx_word' id='word_1_107' title='bbox 470 894 751 934; x_wconf 88' lang='lat' dir='ltr'>honestarum</span> <span class='ocrx_word' id='word_1_108' title='bbox 779 904 920 932; x_wconf 90' lang='lat' dir='ltr'>rerum</span> <span class='ocrx_word' id='word_1_109' title='bbox 947 903 1082 942; x_wconf 87' lang='lat' dir='ltr'>egens</span> <span class='ocrx_word' id='word_1_110' title='bbox 1110 901 1197 940; x_wconf 92' lang='lat' dir='ltr'>quo</span> <span class='ocrx_word' id='word_1_111' title='bbox 1225 888 1437 928; x_wconf 82' lang='lat' dir='ltr'>adcedam</span> 
     </span>
     <span class='ocr_line' id='line_1_15' title="bbox 90 946 1441 1005; baseline -0.007 -10"><span class='ocrx_word' id='word_1_112' title='bbox 90 960 163 995; x_wconf 90' lang='lat' dir='ltr'>aut</span> <span class='ocrx_word' id='word_1_113' title='bbox 184 966 295 1005; x_wconf 87' lang='lat' dir='ltr'>quos</span> <span class='ocrx_word' id='word_1_114' title='bbox 319 953 567 1004; x_wconf 81' lang='lat' dir='ltr'>appellem?</span> <span class='ocrx_word' id='word_1_115' title='bbox 593 954 851 993; x_wconf 88' lang='lat' dir='ltr'>nationesne</span> <span class='ocrx_word' id='word_1_116' title='bbox 872 963 927 991; x_wconf 92' lang='lat' dir='ltr'>an</span> <span class='ocrx_word' id='word_1_117' title='bbox 948 962 1086 1001; x_wconf 85' lang='lat' dir='ltr'>reges,</span> <span class='ocrx_word' id='word_1_118' title='bbox 1112 950 1186 1000; x_wconf 88' lang='lat' dir='ltr'>qui</span> <span class='ocrx_word' id='word_1_119' title='bbox 1207 959 1361 989; x_wconf 89' lang='lat' dir='ltr'>omnes</span> <span class='ocrx_word' id='word_1_120' title='bbox 1382 946 1441 986; x_wconf 79' lang='lat' dir='ltr'>fa-</span> 
     </span>
    </p>

    <p class='ocr_par' dir='ltr' id='par_1_6' title="bbox 40 1008 1505 1302">
     <span class='ocr_line' id='line_1_16' title="bbox 40 1008 1439 1054; baseline -0.006 0"><span class='ocrx_word' id='word_1_121' title='bbox 40 1024 72 1050; x_wconf 80' lang='lat'>15</span> <span class='ocrx_word' id='word_1_122' title='bbox 92 1015 238 1054; x_wconf 91' lang='lat' dir='ltr'>miliae</span> <span class='ocrx_word' id='word_1_123' title='bbox 270 1018 443 1053; x_wconf 89' lang='lat' dir='ltr'>nostrae</span> <span class='ocrx_word' id='word_1_124' title='bbox 477 1013 533 1053; x_wconf 93' lang='lat' dir='ltr'>ob</span> <span class='ocrx_word' id='word_1_125' title='bbox 561 1017 751 1053; x_wconf 86' lang='lat' dir='ltr'>vostram</span> <span class='ocrx_word' id='word_1_126' title='bbox 781 1012 1014 1051; x_wconf 86' lang='lat' dir='ltr'>amicitiam</span> <span class='ocrx_word' id='word_1_127' title='bbox 1043 1009 1185 1049; x_wconf 80' lang='lat' dir='ltr'>infesti</span> <span class='ocrx_word' id='word_1_128' title='bbox 1212 1008 1341 1048; x_wconf 83' lang='lat' dir='ltr'>sunt?</span> <span class='ocrx_word' id='word_1_129' title='bbox 1384 1017 1439 1045; x_wconf 87' lang='lat' dir='ltr'>an</span> 
     </span>
     <span class='ocr_line' id='line_1_17' title="bbox 93 1070 1439 1124; baseline -0.006 -11"><span class='ocrx_word' id='word_1_130' title='bbox 93 1084 317 1124; x_wconf 87' lang='lat' dir='ltr'>quoquam</span> <span class='ocrx_word' id='word_1_131' title='bbox 349 1073 454 1112; x_wconf 91' lang='lat' dir='ltr'>mihi</span> <span class='ocrx_word' id='word_1_132' title='bbox 487 1072 606 1112; x_wconf 92' lang='lat' dir='ltr'>adire</span> <span class='ocrx_word' id='word_1_133' title='bbox 639 1072 748 1117; x_wconf 85' lang='lat' dir='ltr'>licet,</span> <span class='ocrx_word' id='word_1_134' title='bbox 781 1072 855 1110; x_wconf 94' lang='lat' dir='ltr'>ubi</span> <span class='ocrx_word' id='word_1_135' title='bbox 885 1082 974 1110; x_wconf 93' lang='lat' dir='ltr'>non</span> <span class='ocrx_word' id='word_1_136' title='bbox 1001 1070 1215 1109; x_wconf 83' lang='lat' dir='ltr'>maiorum</span> <span class='ocrx_word' id='word_1_137' title='bbox 1243 1077 1439 1107; x_wconf 88' lang='lat' dir='ltr'>meorum</span> 
     </span>
     <span class='ocr_line' id='line_1_18' title="bbox 91 1129 1442 1181; baseline -0.006 -9"><span class='ocrx_word' id='word_1_138' title='bbox 91 1133 266 1174; x_wconf 92' lang='lat' dir='ltr'>hostilia</span> <span class='ocrx_word' id='word_1_139' title='bbox 298 1136 583 1172; x_wconf 88' lang='lat' dir='ltr'>monumenta</span> <span class='ocrx_word' id='word_1_140' title='bbox 616 1131 816 1181; x_wconf 90' lang='lat' dir='ltr'>pluruma</span> <span class='ocrx_word' id='word_1_141' title='bbox 848 1131 961 1170; x_wconf 78' lang='lat' dir='ltr'>sint?</span> <span class='ocrx_word' id='word_1_142' title='bbox 999 1133 1073 1168; x_wconf 87' lang='lat' dir='ltr'>aut</span> <span class='ocrx_word' id='word_1_143' title='bbox 1106 1129 1337 1178; x_wconf 85' lang='lat' dir='ltr'>quisquam</span> <span class='ocrx_word' id='word_1_144' title='bbox 1365 1136 1442 1165; x_wconf 93' lang='lat' dir='ltr'>no-</span> 
     </span>
     <span class='ocr_line' id='line_1_19' title="bbox 92 1185 1442 1241; baseline -0.006 -9"><span class='ocrx_word' id='word_1_145' title='bbox 92 1194 164 1232; x_wconf 89' lang='lat' dir='ltr'>stri</span> <span class='ocrx_word' id='word_1_146' title='bbox 200 1193 390 1232; x_wconf 88' lang='lat' dir='ltr'>misereri</span> <span class='ocrx_word' id='word_1_147' title='bbox 428 1195 581 1241; x_wconf 89' lang='lat' dir='ltr'>potest,</span> <span class='ocrx_word' id='word_1_148' title='bbox 621 1191 694 1240; x_wconf 87' lang='lat' dir='ltr'>qui</span> <span class='ocrx_word' id='word_1_149' title='bbox 723 1189 960 1240; x_wconf 89' lang='lat' dir='ltr'>aliquando</span> <span class='ocrx_word' id='word_1_150' title='bbox 997 1189 1124 1228; x_wconf 92' lang='lat' dir='ltr'>vobis</span> <span class='ocrx_word' id='word_1_151' title='bbox 1160 1187 1297 1227; x_wconf 87' lang='lat' dir='ltr'>hostis</span> <span class='ocrx_word' id='word_1_152' title='bbox 1333 1185 1442 1224; x_wconf 79' lang='lat' dir='ltr'>fuit?</span> 
     </span>
     <span class='ocr_line' id='line_1_20' title="bbox 94 1245 1505 1302; baseline -0.007 -10"><span class='ocrx_word' id='word_1_153' title='bbox 94 1256 313 1302; x_wconf 87' lang='lat' dir='ltr'>postremo</span> <span class='ocrx_word' id='word_1_154' title='bbox 342 1251 574 1290; x_wconf 88' lang='lat' dir='ltr'>Masinissa</span> <span class='ocrx_word' id='word_1_155' title='bbox 604 1262 686 1290; x_wconf 91' lang='lat' dir='ltr'>nos</span> <span class='ocrx_word' id='word_1_156' title='bbox 721 1251 778 1289; x_wconf 90' lang='lat' dir='ltr'>ita</span> <span class='ocrx_word' id='word_1_157' title='bbox 805 1249 997 1294; x_wconf 79' lang='lat' dir='ltr'>instituit,</span> <span class='ocrx_word' id='word_1_158' title='bbox 1031 1251 1172 1297; x_wconf 88' lang='lat' dir='ltr'>patres</span> <span class='ocrx_word' id='word_1_159' title='bbox 1200 1245 1505 1293; x_wconf 71' lang='lat' dir='ltr'>conscripti,1s</span> 
     </span>
    </p>

    <p class='ocr_par' dir='ltr' id='par_1_7' title="bbox 40 1304 1509 1597">
     <span class='ocr_line' id='line_1_21' title="bbox 40 1304 1443 1361; baseline -0.006 -10"><span class='ocrx_word' id='word_1_160' title='bbox 40 1319 75 1346; x_wconf 66' lang='lat'>30</span> <span class='ocrx_word' id='word_1_161' title='bbox 95 1323 150 1351; x_wconf 89' lang='lat' dir='ltr'>ne</span> <span class='ocrx_word' id='word_1_162' title='bbox 177 1322 307 1361; x_wconf 89' lang='lat' dir='ltr'>quem</span> <span class='ocrx_word' id='word_1_163' title='bbox 335 1310 577 1350; x_wconf 91' lang='lat' dir='ltr'>coleremus</span> <span class='ocrx_word' id='word_1_164' title='bbox 604 1310 685 1349; x_wconf 92' lang='lat' dir='ltr'>nisi</span> <span class='ocrx_word' id='word_1_165' title='bbox 714 1309 925 1359; x_wconf 91' lang='lat' dir='ltr'>populum</span> <span class='ocrx_word' id='word_1_166' title='bbox 947 1307 1205 1352; x_wconf 88' lang='lat' dir='ltr'>Romanurn,</span> <span class='ocrx_word' id='word_1_167' title='bbox 1231 1316 1287 1345; x_wconf 92' lang='lat' dir='ltr'>ne</span> <span class='ocrx_word' id='word_1_168' title='bbox 1307 1304 1443 1344; x_wconf 86' lang='lat' dir='ltr'>socie-</span> 
     </span>
     <span class='ocr_line' id='line_1_22' title="bbox 94 1366 1444 1418; baseline -0.006 -8"><span class='ocrx_word' id='word_1_169' title='bbox 94 1375 216 1417; x_wconf 89' lang='lat' dir='ltr'>tates,</span> <span class='ocrx_word' id='word_1_170' title='bbox 236 1381 292 1410; x_wconf 88' lang='lat' dir='ltr'>ne</span> <span class='ocrx_word' id='word_1_171' title='bbox 306 1369 483 1409; x_wconf 83' lang='lat' dir='ltr'>foedera</span> <span class='ocrx_word' id='word_1_172' title='bbox 493 1380 611 1409; x_wconf 89' lang='lat' dir='ltr'>nova</span> <span class='ocrx_word' id='word_1_173' title='bbox 626 1369 938 1418; x_wconf 88' lang='lat' dir='ltr'>acciperemus:</span> <span class='ocrx_word' id='word_1_174' title='bbox 960 1366 1136 1406; x_wconf 90' lang='lat' dir='ltr'>abunde</span> <span class='ocrx_word' id='word_1_175' title='bbox 1151 1375 1312 1414; x_wconf 87' lang='lat' dir='ltr'>magna</span> <span class='ocrx_word' id='word_1_176' title='bbox 1324 1374 1444 1413; x_wconf 90' lang='lat' dir='ltr'>prae-</span> 
     </span>
     <span class='ocr_line' id='line_1_23' title="bbox 95 1422 1444 1473; baseline -0.006 -4"><span class='ocrx_word' id='word_1_177' title='bbox 95 1430 205 1470; x_wconf 88' lang='lat' dir='ltr'>sidia</span> <span class='ocrx_word' id='word_1_178' title='bbox 231 1429 358 1469; x_wconf 89' lang='lat' dir='ltr'>nobis</span> <span class='ocrx_word' id='word_1_179' title='bbox 386 1430 428 1468; x_wconf 93' lang='lat' dir='ltr'>in</span> <span class='ocrx_word' id='word_1_180' title='bbox 454 1434 600 1468; x_wconf 88' lang='lat' dir='ltr'>vostra</span> <span class='ocrx_word' id='word_1_181' title='bbox 627 1429 815 1468; x_wconf 90' lang='lat' dir='ltr'>amicitia</span> <span class='ocrx_word' id='word_1_182' title='bbox 842 1427 950 1473; x_wconf 75' lang='lat' dir='ltr'>iore3</span> <span class='ocrx_word' id='word_1_183' title='bbox 977 1428 1012 1466; x_wconf 92' lang='lat' dir='ltr'>si</span> <span class='ocrx_word' id='word_1_184' title='bbox 1040 1426 1139 1465; x_wconf 90' lang='lat' dir='ltr'>huic</span> <span class='ocrx_word' id='word_1_185' title='bbox 1160 1425 1341 1473; x_wconf 91' lang='lat' dir='ltr'>imperio</span> <span class='ocrx_word' id='word_1_186' title='bbox 1363 1422 1444 1463; x_wconf 81' lang='lat' dir='ltr'>for-</span> 
     </span>
     <span class='ocr_line' id='line_1_24' title="bbox 96 1484 1509 1534; baseline -0.006 -6"><span class='ocrx_word' id='word_1_187' title='bbox 96 1493 200 1529; x_wconf 86' lang='lat' dir='ltr'>tuna</span> <span class='ocrx_word' id='word_1_188' title='bbox 224 1493 468 1534; x_wconf 87' lang='lat' dir='ltr'>mutaretur,</span> <span class='ocrx_word' id='word_1_189' title='bbox 495 1499 582 1527; x_wconf 89' lang='lat' dir='ltr'>una</span> <span class='ocrx_word' id='word_1_190' title='bbox 604 1487 897 1528; x_wconf 90' lang='lat' dir='ltr'>occidundum</span> <span class='ocrx_word' id='word_1_191' title='bbox 919 1486 1047 1526; x_wconf 91' lang='lat' dir='ltr'>nobis</span> <span class='ocrx_word' id='word_1_192' title='bbox 1070 1495 1179 1525; x_wconf 90' lang='lat' dir='ltr'>esse.</span> <span class='ocrx_word' id='word_1_193' title='bbox 1216 1484 1373 1522; x_wconf 87' lang='lat' dir='ltr'>virtute</span> <span class='ocrx_word' id='word_1_194' title='bbox 1394 1492 1444 1520; x_wconf 83' lang='lat' dir='ltr'>ac</span> <span class='ocrx_word' id='word_1_195' title='bbox 1464 1489 1509 1520; x_wconf 74' lang='lat'>19</span> 
     </span>
     <span class='ocr_line' id='line_1_25' title="bbox 96 1541 1444 1597; baseline -0.006 -9"><span class='ocrx_word' id='word_1_196' title='bbox 96 1549 162 1588; x_wconf 91' lang='lat' dir='ltr'>dis</span> <span class='ocrx_word' id='word_1_197' title='bbox 189 1548 439 1588; x_wconf 88' lang='lat' dir='ltr'>volentibus</span> <span class='ocrx_word' id='word_1_198' title='bbox 466 1548 614 1597; x_wconf 88' lang='lat' dir='ltr'>magni</span> <span class='ocrx_word' id='word_1_199' title='bbox 643 1547 745 1587; x_wconf 89' lang='lat' dir='ltr'>estis</span> <span class='ocrx_word' id='word_1_200' title='bbox 773 1551 814 1586; x_wconf 90' lang='lat' dir='ltr'>et</span> <span class='ocrx_word' id='word_1_201' title='bbox 841 1546 1049 1595; x_wconf 88' lang='lat' dir='ltr'>opulenti,</span> <span class='ocrx_word' id='word_1_202' title='bbox 1077 1544 1225 1584; x_wconf 86' lang='lat' dir='ltr'>omnia</span> <span class='ocrx_word' id='word_1_203' title='bbox 1251 1541 1444 1582; x_wconf 90' lang='lat' dir='ltr'>secunda</span> 
     </span>
    </p>

    <p class='ocr_par' dir='ltr' id='par_1_8' title="bbox 42 1602 1446 1707">
     <span class='ocr_line' id='line_1_26' title="bbox 42 1602 1446 1656; baseline -0.006 -8"><span class='ocrx_word' id='word_1_204' title='bbox 42 1615 76 1642; x_wconf 77' lang='lat'>25</span> <span class='ocrx_word' id='word_1_205' title='bbox 97 1612 137 1648; x_wconf 93' lang='lat' dir='ltr'>et</span> <span class='ocrx_word' id='word_1_206' title='bbox 164 1607 446 1647; x_wconf 88' lang='lat' dir='ltr'>oboedientia</span> <span class='ocrx_word' id='word_1_207' title='bbox 472 1611 588 1647; x_wconf 87' lang='lat' dir='ltr'>sunt:</span> <span class='ocrx_word' id='word_1_208' title='bbox 616 1618 703 1656; x_wconf 90' lang='lat' dir='ltr'>quo</span> <span class='ocrx_word' id='word_1_209' title='bbox 730 1606 899 1646; x_wconf 83' lang='lat' dir='ltr'>facilius</span> <span class='ocrx_word' id='word_1_210' title='bbox 926 1606 1144 1645; x_wconf 88' lang='lat' dir='ltr'>sociorum</span> <span class='ocrx_word' id='word_1_211' title='bbox 1172 1602 1348 1642; x_wconf 88' lang='lat' dir='ltr'>iniurias</span> <span class='ocrx_word' id='word_1_212' title='bbox 1375 1612 1446 1640; x_wconf 91' lang='lat' dir='ltr'>cu-</span> 
     </span>
     <span class='ocr_line' id='line_1_27' title="bbox 96 1667 322 1707; baseline 0 -1"><span class='ocrx_word' id='word_1_213' title='bbox 96 1678 188 1707; x_wconf 87' lang='lat' dir='ltr'>rare</span> <span class='ocrx_word' id='word_1_214' title='bbox 214 1667 322 1706; x_wconf 90' lang='lat' dir='ltr'>licet.</span> 
     </span>
    </p>

    <p class='ocr_par' dir='ltr' id='par_1_9' title="bbox 98 1719 1509 1894">
     <span class='ocr_line' id='line_1_28' title="bbox 156 1719 1509 1774; baseline -0.007 -9"><span class='ocrx_word' id='word_1_215' title='bbox 156 1726 343 1765; x_wconf 90' lang='lat' dir='ltr'>Tantum</span> <span class='ocrx_word' id='word_1_216' title='bbox 371 1725 476 1765; x_wconf 93' lang='lat' dir='ltr'>illud</span> <span class='ocrx_word' id='word_1_217' title='bbox 502 1736 666 1771; x_wconf 88' lang='lat' dir='ltr'>vereor,</span> <span class='ocrx_word' id='word_1_218' title='bbox 693 1736 748 1764; x_wconf 91' lang='lat' dir='ltr'>ne</span> <span class='ocrx_word' id='word_1_219' title='bbox 769 1735 880 1774; x_wconf 90' lang='lat' dir='ltr'>quos</span> <span class='ocrx_word' id='word_1_220' title='bbox 904 1724 1071 1773; x_wconf 89' lang='lat' dir='ltr'>privata</span> <span class='ocrx_word' id='word_1_221' title='bbox 1092 1721 1281 1761; x_wconf 88' lang='lat' dir='ltr'>amicitia</span> <span class='ocrx_word' id='word_1_222' title='bbox 1300 1719 1443 1770; x_wconf 86' lang='lat' dir='ltr'>Iugur·</span> <span class='ocrx_word' id='word_1_223' title='bbox 1463 1725 1509 1756; x_wconf 87' lang='lat'>20-</span> 
     </span>
     <span class='ocr_line' id='line_1_29' title="bbox 98 1779 1444 1835; baseline -0.005 -10"><span class='ocrx_word' id='word_1_224' title='bbox 98 1785 198 1825; x_wconf 89' lang='lat' dir='ltr'>thae</span> <span class='ocrx_word' id='word_1_225' title='bbox 231 1796 382 1835; x_wconf 91' lang='lat' dir='ltr'>parum</span> <span class='ocrx_word' id='word_1_226' title='bbox 411 1786 586 1835; x_wconf 85' lang='lat' dir='ltr'>cognita</span> <span class='ocrx_word' id='word_1_227' title='bbox 612 1789 885 1824; x_wconf 90' lang='lat' dir='ltr'>transvorsos</span> <span class='ocrx_word' id='word_1_228' title='bbox 911 1787 1023 1833; x_wconf 86' lang='lat' dir='ltr'>agat.</span> <span class='ocrx_word' id='word_1_229' title='bbox 1063 1793 1175 1832; x_wconf 91' lang='lat' dir='ltr'>quos</span> <span class='ocrx_word' id='word_1_230' title='bbox 1202 1791 1285 1830; x_wconf 86' lang='lat' dir='ltr'>ego</span> <span class='ocrx_word' id='word_1_231' title='bbox 1313 1779 1444 1819; x_wconf 91' lang='lat' dir='ltr'>audio</span> 
     </span>
     <span class='ocr_line' id='line_1_30' title="bbox 99 1838 1445 1894; baseline -0.005 -10"><span class='ocrx_word' id='word_1_232' title='bbox 99 1855 305 1884; x_wconf 87' lang='lat' dir='ltr'>maxuma</span> <span class='ocrx_word' id='word_1_233' title='bbox 331 1855 416 1894; x_wconf 91' lang='lat' dir='ltr'>ope</span> <span class='ocrx_word' id='word_1_234' title='bbox 444 1845 520 1884; x_wconf 89' lang='lat' dir='ltr'>niti</span> <span class='ocrx_word' id='word_1_235' title='bbox 541 1844 705 1883; x_wconf 89' lang='lat' dir='ltr'>ambire</span> <span class='ocrx_word' id='word_1_236' title='bbox 726 1843 906 1893; x_wconf 84' lang='lat' dir='ltr'>fatigare</span> <span class='ocrx_word' id='word_1_237' title='bbox 925 1853 1006 1882; x_wconf 91' lang='lat' dir='ltr'>vos</span> <span class='ocrx_word' id='word_1_238' title='bbox 1028 1840 1238 1891; x_wconf 85' lang='lat' dir='ltr'>singulos,</span> <span class='ocrx_word' id='word_1_239' title='bbox 1264 1850 1320 1879; x_wconf 90' lang='lat' dir='ltr'>ne</span> <span class='ocrx_word' id='word_1_240' title='bbox 1341 1838 1445 1888; x_wconf 88' lang='lat' dir='ltr'>quid</span> 
     </span>
    </p>

    <p class='ocr_par' dir='ltr' id='par_1_10' title="bbox 45 1897 1504 2127">
     <span class='ocr_line' id='line_1_31' title="bbox 45 1897 1446 1953; baseline -0.005 -10"><span class='ocrx_word' id='word_1_241' title='bbox 45 1910 81 1938; x_wconf 82' lang='lat'>30</span> <span class='ocrx_word' id='word_1_242' title='bbox 101 1904 155 1943; x_wconf 94' lang='lat' dir='ltr'>de</span> <span class='ocrx_word' id='word_1_243' title='bbox 181 1904 363 1944; x_wconf 89' lang='lat' dir='ltr'>absente</span> <span class='ocrx_word' id='word_1_244' title='bbox 389 1905 612 1953; x_wconf 85' lang='lat' dir='ltr'>incognita</span> <span class='ocrx_word' id='word_1_245' title='bbox 638 1914 770 1942; x_wconf 90' lang='lat' dir='ltr'>causa</span> <span class='ocrx_word' id='word_1_246' title='bbox 797 1903 1011 1947; x_wconf 86' lang='lat' dir='ltr'>statuatis;</span> <span class='ocrx_word' id='word_1_247' title='bbox 1038 1901 1202 1950; x_wconf 79' lang='lat' dir='ltr'>fingere</span> <span class='ocrx_word' id='word_1_248' title='bbox 1223 1910 1293 1938; x_wconf 88' lang='lat' dir='ltr'>me</span> <span class='ocrx_word' id='word_1_249' title='bbox 1313 1897 1446 1938; x_wconf 88' lang='lat' dir='ltr'>verba</span> 
     </span>
     <span class='ocr_line' id='line_1_32' title="bbox 101 1957 1504 2013; baseline -0.006 -11"><span class='ocrx_word' id='word_1_250' title='bbox 101 1967 142 2002; x_wconf 93' lang='lat' dir='ltr'>et</span> <span class='ocrx_word' id='word_1_251' title='bbox 161 1963 309 2013; x_wconf 85' lang='lat' dir='ltr'>fugam</span> <span class='ocrx_word' id='word_1_252' title='bbox 330 1963 545 2009; x_wconf 91' lang='lat' dir='ltr'>simulare,</span> <span class='ocrx_word' id='word_1_253' title='bbox 573 1963 677 2012; x_wconf 86' lang='lat' dir='ltr'>quoi</span> <span class='ocrx_word' id='word_1_254' title='bbox 699 1962 863 2002; x_wconf 86' lang='lat' dir='ltr'>licuerit</span> <span class='ocrx_word' id='word_1_255' title='bbox 882 1962 925 2001; x_wconf 91' lang='lat' dir='ltr'>in</span> <span class='ocrx_word' id='word_1_256' title='bbox 946 1971 1081 2010; x_wconf 85' lang='lat' dir='ltr'>regno</span> <span class='ocrx_word' id='word_1_257' title='bbox 1104 1969 1291 1998; x_wconf 88' lang='lat' dir='ltr'>manere.</span> <span class='ocrx_word' id='word_1_258' title='bbox 1327 1957 1445 2007; x_wconf 90' lang='lat' dir='ltr'>quod</span> <span class='ocrx_word' id='word_1_259' title='bbox 1463 1962 1504 1994; x_wconf 77' lang='lat'>21</span> 
     </span>
     <span class='ocr_line' id='line_1_33' title="bbox 101 2018 1447 2071; baseline -0.004 -10"><span class='ocrx_word' id='word_1_260' title='bbox 101 2023 266 2061; x_wconf 90' lang='lat' dir='ltr'>utinam</span> <span class='ocrx_word' id='word_1_261' title='bbox 293 2022 425 2069; x_wconf 86' lang='lat' dir='ltr'>illum,</span> <span class='ocrx_word' id='word_1_262' title='bbox 453 2023 612 2071; x_wconf 87' lang='lat' dir='ltr'>quoius</span> <span class='ocrx_word' id='word_1_263' title='bbox 634 2023 752 2070; x_wconf 90' lang='lat' dir='ltr'>inpio</span> <span class='ocrx_word' id='word_1_264' title='bbox 777 2021 967 2060; x_wconf 77' lang='lat' dir='ltr'>facinore</span> <span class='ocrx_word' id='word_1_265' title='bbox 988 2021 1030 2059; x_wconf 91' lang='lat' dir='ltr'>in</span> <span class='ocrx_word' id='word_1_266' title='bbox 1048 2018 1127 2058; x_wconf 87' lang='lat' dir='ltr'>has</span> <span class='ocrx_word' id='word_1_267' title='bbox 1143 2018 1337 2058; x_wconf 91' lang='lat' dir='ltr'>miserias</span> <span class='ocrx_word' id='word_1_268' title='bbox 1353 2028 1447 2066; x_wconf 92' lang='lat' dir='ltr'>pro-</span> 
     </span>
     <span class='ocr_line' id='line_1_34' title="bbox 101 2075 1447 2127; baseline -0.005 -6"><span class='ocrx_word' id='word_1_269' title='bbox 101 2082 237 2121; x_wconf 86' lang='lat' dir='ltr'>iectus</span> <span class='ocrx_word' id='word_1_270' title='bbox 251 2092 360 2127; x_wconf 91' lang='lat' dir='ltr'>sum,</span> <span class='ocrx_word' id='word_1_271' title='bbox 375 2081 530 2121; x_wconf 90' lang='lat' dir='ltr'>eadem</span> <span class='ocrx_word' id='word_1_272' title='bbox 545 2081 654 2121; x_wconf 92' lang='lat' dir='ltr'>haec</span> <span class='ocrx_word' id='word_1_273' title='bbox 666 2080 942 2120; x_wconf 88' lang='lat' dir='ltr'>simulantem</span> <span class='ocrx_word' id='word_1_274' title='bbox 954 2079 1142 2124; x_wconf 90' lang='lat' dir='ltr'>videam,</span> <span class='ocrx_word' id='word_1_275' title='bbox 1158 2082 1198 2117; x_wconf 89' lang='lat' dir='ltr'>et</span> <span class='ocrx_word' id='word_1_276' title='bbox 1210 2075 1447 2126; x_wconf 87' lang='lat' dir='ltr'>aliquando</span> 
     </span>
    </p>
   </div>
   <div class='ocr_carea' id='block_1_3' title="bbox 103 2182 1452 2367">
    <p class='ocr_par' dir='ltr' id='par_1_11' title="bbox 103 2182 1452 2367">
     <span class='ocr_line' id='line_1_35' title="bbox 160 2182 1374 2223; baseline -0.005 -4"><span class='ocrx_word' id='word_1_277' title='bbox 160 2186 182 2219; x_wconf 89' lang='grc'>3</span> <span class='ocrx_word' id='word_1_278' title='bbox 209 2195 311 2218; x_wconf 87' lang='lat' dir='ltr'>meos</span> <span class='ocrx_word' id='word_1_279' title='bbox 337 2195 408 2218; x_wconf 88' lang='lat' dir='ltr'>om.</span> <span class='ocrx_word' id='word_1_280' title='bbox 427 2187 459 2219; x_wconf 95' lang='lat' dir='ltr'>V</span> <span class='ocrx_word' id='word_1_281' title='bbox 541 2186 563 2218; x_wconf 87' lang='lat'>6</span> <span class='ocrx_word' id='word_1_282' title='bbox 590 2187 712 2218; x_wconf 87' lang='lat' dir='ltr'>anima</span> <span class='ocrx_word' id='word_1_283' title='bbox 738 2188 792 2218; x_wconf 91' lang='lat' dir='ltr'>est</span> <span class='ocrx_word' id='word_1_284' title='bbox 818 2185 849 2217; x_wconf 92' lang='lat' dir='ltr'>V</span> <span class='ocrx_word' id='word_1_285' title='bbox 899 2182 947 2222; x_wconf 91' lang='lat' dir='ltr'>et]</span> <span class='ocrx_word' id='word_1_286' title='bbox 976 2186 1085 2223; x_wconf 88' lang='lat' dir='ltr'>atque</span> <span class='ocrx_word' id='word_1_287' title='bbox 1111 2182 1144 2215; x_wconf 89' lang='lat' dir='ltr'>V</span> <span class='ocrx_word' id='word_1_288' title='bbox 1232 2182 1273 2214; x_wconf 89' lang='grc'>13</span> <span class='ocrx_word' id='word_1_289' title='bbox 1300 2189 1374 2220; x_wconf 89' lang='lat' dir='ltr'>quo</span> 
     </span>
     <span class='ocr_line' id='line_1_36' title="bbox 103 2227 1451 2274; baseline -0.004 -8"><span class='ocrx_word' id='word_1_290' title='bbox 103 2234 286 2274; x_wconf 89' lang='lat' dir='ltr'>appellem</span> <span class='ocrx_word' id='word_1_291' title='bbox 318 2234 413 2266; x_wconf 83' lang='lat' dir='ltr'>Don.</span> <span class='ocrx_word' id='word_1_292' title='bbox 445 2234 521 2266; x_wconf 84' lang='lat' dir='ltr'>Ter.</span> <span class='ocrx_word' id='word_1_293' title='bbox 542 2234 626 2266; x_wconf 83' lang='lat' dir='ltr'>Hec.</span> <span class='ocrx_word' id='word_1_294' title='bbox 646 2237 709 2265; x_wconf 88' lang='grc'>378</span> <span class='ocrx_word' id='word_1_295' title='bbox 765 2233 927 2265; x_wconf 87' lang='lat' dir='ltr'>accidam</span> <span class='ocrx_word' id='word_1_296' title='bbox 960 2231 1056 2263; x_wconf 83' lang='lat' dir='ltr'>Don.</span> <span class='ocrx_word' id='word_1_297' title='bbox 1130 2230 1171 2262; x_wconf 78' lang='lat'>21</span> <span class='ocrx_word' id='word_1_298' title='bbox 1202 2238 1274 2261; x_wconf 91' lang='lat' dir='ltr'>neu</span> <span class='ocrx_word' id='word_1_299' title='bbox 1300 2228 1398 2261; x_wconf 81' lang='lat' dir='ltr'>foed.</span> <span class='ocrx_word' id='word_1_300' title='bbox 1417 2227 1451 2259; x_wconf 89' lang='lat' dir='ltr'>V</span> 
     </span>
     <span class='ocr_line' id='line_1_37' title="bbox 162 2275 1450 2321; baseline -0.005 -8"><span class='ocrx_word' id='word_1_301' title='bbox 162 2281 207 2313; x_wconf 87' lang='lat'>28</span> <span class='ocrx_word' id='word_1_302' title='bbox 221 2289 315 2320; x_wconf 88' lang='lat' dir='ltr'>quos</span> <span class='ocrx_word' id='word_1_303' title='bbox 331 2305 339 2313; x_wconf 96' lang='lat'><em>.</em></span> <span class='ocrx_word' id='word_1_304' title='bbox 354 2305 362 2313; x_wconf 92' lang='lat'><em>.</em></span> <span class='ocrx_word' id='word_1_305' title='bbox 378 2306 386 2313; x_wconf 94' lang='lat'><strong>.</strong></span> <span class='ocrx_word' id='word_1_306' title='bbox 401 2282 567 2321; x_wconf 83' lang='lat' dir='ltr'>singulos</span> <span class='ocrx_word' id='word_1_307' title='bbox 575 2281 770 2313; x_wconf 78' lang='lat' dir='ltr'>Seru.Aen.</span> <span class='ocrx_word' id='word_1_308' title='bbox 785 2285 815 2319; x_wconf 76' lang='grc'>4,</span> <span class='ocrx_word' id='word_1_309' title='bbox 829 2283 891 2312; x_wconf 86' lang='grc'>283</span> <span class='ocrx_word' id='word_1_310' title='bbox 941 2279 986 2310; x_wconf 86' lang='lat'>29</span> <span class='ocrx_word' id='word_1_311' title='bbox 995 2287 1088 2310; x_wconf 80' lang='lat' dir='ltr'>max.</span> <span class='ocrx_word' id='word_1_312' title='bbox 1104 2287 1176 2317; x_wconf 89' lang='lat' dir='ltr'>ope</span> <span class='ocrx_word' id='word_1_313' title='bbox 1191 2277 1255 2308; x_wconf 88' lang='lat' dir='ltr'>niti</span> <span class='ocrx_word' id='word_1_314' title='bbox 1270 2275 1450 2308; x_wconf 82' lang='lat' dir='ltr'>om.Serv.</span> 
     </span>
     <span class='ocr_line' id='line_1_38' title="bbox 163 2322 1452 2367; baseline -0.005 -7"><span class='ocrx_word' id='word_1_315' title='bbox 163 2327 206 2360; x_wconf 87' lang='grc'>32</span> <span class='ocrx_word' id='word_1_316' title='bbox 228 2329 360 2367; x_wconf 84' lang='lat' dir='ltr'>quoius</span> <span class='ocrx_word' id='word_1_317' title='bbox 380 2324 466 2360; x_wconf 54' lang='grc' dir='ltr'>ΥΡΞ</span> <span class='ocrx_word' id='word_1_318' title='bbox 515 2329 651 2360; x_wconf 81' lang='lat' dir='ltr'>lacuna</span> <span class='ocrx_word' id='word_1_319' title='bbox 673 2329 721 2360; x_wconf 83' lang='lat' dir='ltr'>ab</span> <span class='ocrx_word' id='word_1_320' title='bbox 736 2328 837 2367; x_wconf 89' lang='lat' dir='ltr'>inpio</span> <span class='ocrx_word' id='word_1_321' title='bbox 854 2336 969 2367; x_wconf 81' lang='lat' dir='ltr'>usque</span> <span class='ocrx_word' id='word_1_322' title='bbox 984 2328 1035 2358; x_wconf 77' lang='lat' dir='ltr'>acl</span> <span class='ocrx_word' id='word_1_323' title='bbox 1049 2335 1076 2358; x_wconf 82' lang='lat' dir='ltr'>c.</span> <span class='ocrx_word' id='word_1_324' title='bbox 1091 2329 1142 2364; x_wconf 84' lang='lat'>31,</span> <span class='ocrx_word' id='word_1_325' title='bbox 1156 2328 1197 2356; x_wconf 85' lang='lat'>23</span> <span class='ocrx_word' id='word_1_326' title='bbox 1211 2324 1406 2356; x_wconf 88' lang='lat' dir='ltr'>auctoritas</span> <span class='ocrx_word' id='word_1_327' title='bbox 1419 2322 1452 2353; x_wconf 86' lang='lat' dir='ltr'>K</span> 
     </span>
    </p>
   </div>
  </div>
 </body>
</html>
