<?xml version="1.0" encoding="UTF-8"?>
<!DOCTYPE html PUBLIC "-//W3C//DTD XHTML 1.0 Transitional//EN"
    "http://www.w3.org/TR/xhtml1/DTD/xhtml1-transitional.dtd">
<html xmlns="http://www.w3.org/1999/xhtml" xml:lang="en" lang="en">
 <head>
  <title>
</title>
<meta http-equiv="Content-Type" content="text/html;charset=utf-8" />
  <meta name='ocr-system' content='tesseract 3.04.00' />
  <meta name='ocr-capabilities' content='ocr_page ocr_carea ocr_par ocr_line ocrx_word'/>
</head>
<body>
  <div class='ocr_page' id='page_1' title='image "./catilinaiugurtha00salluoft_0124.png"; bbox 0 0 1593 2496; ppageno 0'>
   <div class='ocr_carea' id='block_1_1' title="bbox 133 52 1046 97">
    <p class='ocr_par' dir='ltr' id='par_1_1' title="bbox 133 52 1046 97">
     <span class='ocr_line' id='line_1_1' title="bbox 133 52 1046 97; baseline -0.008 0"><span class='ocrx_word' id='word_1_1' title='bbox 133 60 149 97; x_wconf 94' lang='grc'>1</span> <span class='ocrx_word' id='word_1_2' title='bbox 165 59 215 97; x_wconf 89' lang='grc'>12</span> <span class='ocrx_word' id='word_1_3' title='bbox 557 52 596 89; x_wconf 90' lang='lat' dir='ltr'>C.</span> <span class='ocrx_word' id='word_1_4' title='bbox 618 52 861 89; x_wconf 88' lang='lat' dir='ltr'>SALLUST1</span> <span class='ocrx_word' id='word_1_5' title='bbox 889 53 1046 90; x_wconf 89' lang='lat' dir='ltr'>CRISPI</span> 
     </span>
    </p>
   </div>
   <div class='ocr_carea' id='block_1_2' title="bbox 66 165 1533 1992">
    <p class='ocr_par' dir='ltr' id='par_1_2' title="bbox 129 165 1479 275">
     <span class='ocr_line' id='line_1_2' title="bbox 130 165 1479 218; baseline 0.003 -14"><span class='ocrx_word' id='word_1_6' title='bbox 130 177 262 215; x_wconf 89' lang='lat' dir='ltr'>quam</span> <span class='ocrx_word' id='word_1_7' title='bbox 296 165 543 215; x_wconf 87' lang='lat' dir='ltr'>plurumum</span> <span class='ocrx_word' id='word_1_8' title='bbox 578 170 720 214; x_wconf 87' lang='lat' dir='ltr'>potest</span> <span class='ocrx_word' id='word_1_9' title='bbox 753 165 906 206; x_wconf 90' lang='lat' dir='ltr'>domiti</span> <span class='ocrx_word' id='word_1_10' title='bbox 940 167 1108 215; x_wconf 88' lang='lat' dir='ltr'>pecoris</span> <span class='ocrx_word' id='word_1_11' title='bbox 1141 178 1284 217; x_wconf 88' lang='lat' dir='ltr'>eoque</span> <span class='ocrx_word' id='word_1_12' title='bbox 1311 169 1479 218; x_wconf 81' lang='lat' dir='ltr'>inponit</span> 
     </span>
     <span class='ocr_line' id='line_1_3' title="bbox 129 225 1478 275; baseline 0.003 -11"><span class='ocrx_word' id='word_1_13' title='bbox 129 236 237 264; x_wconf 91' lang='lat' dir='ltr'>vasa</span> <span class='ocrx_word' id='word_1_14' title='bbox 267 226 515 275; x_wconf 83' lang='lat' dir='ltr'>quoiusque</span> <span class='ocrx_word' id='word_1_15' title='bbox 542 225 673 271; x_wconf 88' lang='lat' dir='ltr'>modi,</span> <span class='ocrx_word' id='word_1_16' title='bbox 707 225 785 264; x_wconf 93' lang='lat' dir='ltr'>sed</span> <span class='ocrx_word' id='word_1_17' title='bbox 813 225 1020 274; x_wconf 81' lang='lat' dir='ltr'>pleraque</span> <span class='ocrx_word' id='word_1_18' title='bbox 1047 226 1192 275; x_wconf 87' lang='lat' dir='ltr'>lignea</span> <span class='ocrx_word' id='word_1_19' title='bbox 1219 227 1400 267; x_wconf 89' lang='lat' dir='ltr'>collecta</span> <span class='ocrx_word' id='word_1_20' title='bbox 1427 239 1478 268; x_wconf 85' lang='lat' dir='ltr'>ex</span> 
     </span>
    </p>

    <p class='ocr_par' dir='ltr' id='par_1_3' title="bbox 83 284 1528 454">
     <span class='ocr_line' id='line_1_4' title="bbox 83 284 1480 336; baseline 0.002 -12"><span class='ocrx_word' id='word_1_21' title='bbox 83 289 104 319; x_wconf 83' lang='grc'>5</span> <span class='ocrx_word' id='word_1_22' title='bbox 132 286 311 334; x_wconf 85' lang='lat' dir='ltr'>tuguriis</span> <span class='ocrx_word' id='word_1_23' title='bbox 338 284 641 329; x_wconf 90' lang='lat' dir='ltr'>Numidarum;</span> <span class='ocrx_word' id='word_1_24' title='bbox 674 285 729 323; x_wconf 91' lang='lat' dir='ltr'>ad</span> <span class='ocrx_word' id='word_1_25' title='bbox 762 284 845 324; x_wconf 90' lang='lat' dir='ltr'>hoc</span> <span class='ocrx_word' id='word_1_26' title='bbox 872 284 1079 324; x_wconf 82' lang='lat' dir='ltr'>finitumis</span> <span class='ocrx_word' id='word_1_27' title='bbox 1106 287 1298 335; x_wconf 90' lang='lat' dir='ltr'>imperat,</span> <span class='ocrx_word' id='word_1_28' title='bbox 1332 287 1405 336; x_wconf 93' lang='lat' dir='ltr'>qui</span> <span class='ocrx_word' id='word_1_29' title='bbox 1432 298 1480 327; x_wconf 88' lang='lat' dir='ltr'>se</span> 
     </span>
     <span class='ocr_line' id='line_1_5' title="bbox 130 343 1478 395; baseline 0.002 -12"><span class='ocrx_word' id='word_1_30' title='bbox 130 349 229 393; x_wconf 91' lang='lat' dir='ltr'>post</span> <span class='ocrx_word' id='word_1_31' title='bbox 244 344 356 394; x_wconf 88' lang='lat' dir='ltr'>regis</span> <span class='ocrx_word' id='word_1_32' title='bbox 371 343 518 392; x_wconf 81' lang='lat' dir='ltr'>fugam</span> <span class='ocrx_word' id='word_1_33' title='bbox 531 343 705 384; x_wconf 89' lang='lat' dir='ltr'>Metello</span> <span class='ocrx_word' id='word_1_34' title='bbox 723 344 942 389; x_wconf 90' lang='lat' dir='ltr'>dederant,</span> <span class='ocrx_word' id='word_1_35' title='bbox 958 355 1088 393; x_wconf 91' lang='lat' dir='ltr'>quam</span> <span class='ocrx_word' id='word_1_36' title='bbox 1105 344 1352 394; x_wconf 86' lang='lat' dir='ltr'>plurumum</span> <span class='ocrx_word' id='word_1_37' title='bbox 1365 347 1478 395; x_wconf 91' lang='lat' dir='ltr'>quis-</span> 
     </span>
     <span class='ocr_line' id='line_1_6' title="bbox 130 402 1528 454; baseline 0.001 -12"><span class='ocrx_word' id='word_1_38' title='bbox 130 414 216 452; x_wconf 91' lang='lat' dir='ltr'>que</span> <span class='ocrx_word' id='word_1_39' title='bbox 228 414 370 452; x_wconf 89' lang='lat' dir='ltr'>aquae</span> <span class='ocrx_word' id='word_1_40' title='bbox 384 406 587 451; x_wconf 80' lang='lat' dir='ltr'>portaret3</span> <span class='ocrx_word' id='word_1_41' title='bbox 601 402 716 442; x_wconf 90' lang='lat' dir='ltr'>diem</span> <span class='ocrx_word' id='word_1_42' title='bbox 730 404 974 452; x_wconf 88' lang='lat' dir='ltr'>locumque,</span> <span class='ocrx_word' id='word_1_43' title='bbox 986 404 1060 442; x_wconf 93' lang='lat' dir='ltr'>ubi</span> <span class='ocrx_word' id='word_1_44' title='bbox 1074 409 1245 453; x_wconf 88' lang='lat' dir='ltr'>praesto</span> <span class='ocrx_word' id='word_1_45' title='bbox 1258 402 1478 454; x_wconf 81' lang='lat' dir='ltr'>fueri&lt;n&gt;t,</span> <span class='ocrx_word' id='word_1_46' title='bbox 1510 416 1528 443; x_wconf 87' lang='lat'><strong>5</strong></span> 
     </span>
    </p>

    <p class='ocr_par' dir='ltr' id='par_1_4' title="bbox 83 461 1477 571">
     <span class='ocr_line' id='line_1_7' title="bbox 83 461 1477 514; baseline 0.004 -16"><span class='ocrx_word' id='word_1_47' title='bbox 83 467 104 498; x_wconf 84' lang='lat'>6</span> <span class='ocrx_word' id='word_1_48' title='bbox 132 463 359 512; x_wconf 74' lang='lat' dir='ltr'>praedicit:</span> <span class='ocrx_word' id='word_1_49' title='bbox 398 463 491 510; x_wconf 89' lang='lat' dir='ltr'>ipse</span> <span class='ocrx_word' id='word_1_50' title='bbox 532 473 583 500; x_wconf 89' lang='lat' dir='ltr'>ex</span> <span class='ocrx_word' id='word_1_51' title='bbox 622 461 812 508; x_wconf 85' lang='lat' dir='ltr'>flumine,</span> <span class='ocrx_word' id='word_1_52' title='bbox 852 473 983 512; x_wconf 90' lang='lat' dir='ltr'>quam</span> <span class='ocrx_word' id='word_1_53' title='bbox 1020 474 1276 512; x_wconf 82' lang='lat' dir='ltr'>proxumam</span> <span class='ocrx_word' id='word_1_54' title='bbox 1312 464 1477 514; x_wconf 90' lang='lat' dir='ltr'>oppido</span> 
     </span>
     <span class='ocr_line' id='line_1_8' title="bbox 130 521 1477 571; baseline 0.002 -11"><span class='ocrx_word' id='word_1_55' title='bbox 130 532 290 571; x_wconf 90' lang='lat' dir='ltr'>aquam</span> <span class='ocrx_word' id='word_1_56' title='bbox 325 532 422 560; x_wconf 88' lang='lat' dir='ltr'>esse</span> <span class='ocrx_word' id='word_1_57' title='bbox 453 532 583 569; x_wconf 91' lang='lat' dir='ltr'>supra</span> <span class='ocrx_word' id='word_1_58' title='bbox 610 521 809 566; x_wconf 86' lang='lat' dir='ltr'>diximus,</span> <span class='ocrx_word' id='word_1_59' title='bbox 842 523 1036 561; x_wconf 89' lang='lat' dir='ltr'>iumenta</span> <span class='ocrx_word' id='word_1_60' title='bbox 1063 527 1229 562; x_wconf 92' lang='lat' dir='ltr'>onerat:</span> <span class='ocrx_word' id='word_1_61' title='bbox 1263 534 1316 563; x_wconf 88' lang='lat' dir='ltr'>eo</span> <span class='ocrx_word' id='word_1_62' title='bbox 1343 524 1477 563; x_wconf 92' lang='lat' dir='ltr'>modo</span> 
     </span>
    </p>

    <p class='ocr_par' dir='ltr' id='par_1_5' title="bbox 83 580 1533 749">
     <span class='ocr_line' id='line_1_9' title="bbox 83 580 1478 630; baseline 0.004 -14"><span class='ocrx_word' id='word_1_63' title='bbox 83 585 102 616; x_wconf 90' lang='grc'><strong>7</strong></span> <span class='ocrx_word' id='word_1_64' title='bbox 130 582 360 620; x_wconf 89' lang='lat' dir='ltr'>instructus</span> <span class='ocrx_word' id='word_1_65' title='bbox 383 580 437 618; x_wconf 92' lang='lat' dir='ltr'>ad</span> <span class='ocrx_word' id='word_1_66' title='bbox 453 580 635 619; x_wconf 84' lang='lat' dir='ltr'>Thalam</span> <span class='ocrx_word' id='word_1_67' title='bbox 658 581 951 630; x_wconf 82' lang='lat' dir='ltr'>proficiscitur.</span> <span class='ocrx_word' id='word_1_68' title='bbox 979 581 1139 620; x_wconf 90' lang='lat' dir='ltr'>deinde</span> <span class='ocrx_word' id='word_1_69' title='bbox 1159 582 1233 621; x_wconf 95' lang='lat' dir='ltr'>ubi</span> <span class='ocrx_word' id='word_1_70' title='bbox 1254 582 1309 621; x_wconf 93' lang='lat' dir='ltr'>ad</span> <span class='ocrx_word' id='word_1_71' title='bbox 1331 582 1373 621; x_wconf 91' lang='lat' dir='ltr'>id</span> <span class='ocrx_word' id='word_1_72' title='bbox 1395 582 1478 622; x_wconf 80' lang='lat' dir='ltr'>loci</span> 
     </span>
     <span class='ocr_line' id='line_1_10' title="bbox 128 639 1477 690; baseline 0.001 -11"><span class='ocrx_word' id='word_1_73' title='bbox 128 645 320 685; x_wconf 89' lang='lat' dir='ltr'>ventum,</span> <span class='ocrx_word' id='word_1_74' title='bbox 348 650 435 688; x_wconf 94' lang='lat' dir='ltr'>quo</span> <span class='ocrx_word' id='word_1_75' title='bbox 459 639 659 679; x_wconf 89' lang='lat' dir='ltr'>Numidis</span> <span class='ocrx_word' id='word_1_76' title='bbox 687 645 975 689; x_wconf 83' lang='lat' dir='ltr'>praeceperat,</span> <span class='ocrx_word' id='word_1_77' title='bbox 1003 645 1043 679; x_wconf 92' lang='lat' dir='ltr'>et</span> <span class='ocrx_word' id='word_1_78' title='bbox 1065 645 1203 680; x_wconf 88' lang='lat' dir='ltr'>castra</span> <span class='ocrx_word' id='word_1_79' title='bbox 1224 643 1367 690; x_wconf 87' lang='lat' dir='ltr'>posita</span> <span class='ocrx_word' id='word_1_80' title='bbox 1386 653 1477 681; x_wconf 91' lang='lat' dir='ltr'>mu-</span> 
     </span>
     <span class='ocr_line' id='line_1_11' title="bbox 130 699 1533 749; baseline 0.001 -12"><span class='ocrx_word' id='word_1_81' title='bbox 130 700 306 749; x_wconf 91' lang='lat' dir='ltr'>nitaque</span> <span class='ocrx_word' id='word_1_82' title='bbox 329 703 439 744; x_wconf 91' lang='lat' dir='ltr'>sunt,</span> <span class='ocrx_word' id='word_1_83' title='bbox 461 703 579 737; x_wconf 87' lang='lat' dir='ltr'>tanta</span> <span class='ocrx_word' id='word_1_84' title='bbox 599 704 777 748; x_wconf 89' lang='lat' dir='ltr'>repente</span> <span class='ocrx_word' id='word_1_85' title='bbox 793 699 914 739; x_wconf 87' lang='lat' dir='ltr'>caelo</span> <span class='ocrx_word' id='word_1_86' title='bbox 931 700 1063 738; x_wconf 90' lang='lat' dir='ltr'>missa</span> <span class='ocrx_word' id='word_1_87' title='bbox 1076 701 1143 739; x_wconf 89' lang='lat' dir='ltr'>vis</span> <span class='ocrx_word' id='word_1_88' title='bbox 1158 711 1300 749; x_wconf 91' lang='lat' dir='ltr'>aquae</span> <span class='ocrx_word' id='word_1_89' title='bbox 1315 701 1477 746; x_wconf 88' lang='lat' dir='ltr'>dicitur,</span> <span class='ocrx_word' id='word_1_90' title='bbox 1499 711 1533 739; x_wconf 89' lang='lat'>10</span> 
     </span>
    </p>

    <p class='ocr_par' dir='ltr' id='par_1_6' title="bbox 81 758 1477 868">
     <span class='ocr_line' id='line_1_12' title="bbox 81 758 1477 808; baseline 0.004 -14"><span class='ocrx_word' id='word_1_91' title='bbox 81 763 102 794; x_wconf 89' lang='lat'>8</span> <span class='ocrx_word' id='word_1_92' title='bbox 130 763 175 797; x_wconf 93' lang='lat' dir='ltr'>ut</span> <span class='ocrx_word' id='word_1_93' title='bbox 191 769 243 798; x_wconf 93' lang='lat' dir='ltr'>ea</span> <span class='ocrx_word' id='word_1_94' title='bbox 257 758 391 798; x_wconf 93' lang='lat' dir='ltr'>modo</span> <span class='ocrx_word' id='word_1_95' title='bbox 408 759 611 797; x_wconf 90' lang='lat' dir='ltr'>exercitui</span> <span class='ocrx_word' id='word_1_96' title='bbox 627 759 730 797; x_wconf 91' lang='lat' dir='ltr'>satis</span> <span class='ocrx_word' id='word_1_97' title='bbox 747 770 964 808; x_wconf 89' lang='lat' dir='ltr'>superque</span> <span class='ocrx_word' id='word_1_98' title='bbox 980 758 1098 798; x_wconf 83' lang='lat' dir='ltr'>foret.</span> <span class='ocrx_word' id='word_1_99' title='bbox 1127 764 1349 808; x_wconf 87' lang='lat' dir='ltr'>praeterea</span> <span class='ocrx_word' id='word_1_100' title='bbox 1364 771 1477 800; x_wconf 92' lang='lat' dir='ltr'>com-</span> 
     </span>
     <span class='ocr_line' id='line_1_13' title="bbox 130 817 1476 868; baseline 0.001 -11"><span class='ocrx_word' id='word_1_101' title='bbox 130 823 298 857; x_wconf 88' lang='lat' dir='ltr'>meatus</span> <span class='ocrx_word' id='word_1_102' title='bbox 332 829 410 866; x_wconf 91' lang='lat' dir='ltr'>spe</span> <span class='ocrx_word' id='word_1_103' title='bbox 444 817 638 866; x_wconf 89' lang='lat' dir='ltr'>amplior,</span> <span class='ocrx_word' id='word_1_104' title='bbox 673 819 774 867; x_wconf 90' lang='lat' dir='ltr'>quia</span> <span class='ocrx_word' id='word_1_105' title='bbox 803 818 1031 864; x_wconf 87' lang='lat' dir='ltr'>Numidae,</span> <span class='ocrx_word' id='word_1_106' title='bbox 1064 819 1186 858; x_wconf 90' lang='lat' dir='ltr'>sicuti</span> <span class='ocrx_word' id='word_1_107' title='bbox 1215 818 1409 868; x_wconf 88' lang='lat' dir='ltr'>plerique</span> <span class='ocrx_word' id='word_1_108' title='bbox 1435 820 1476 858; x_wconf 82' lang='lat' dir='ltr'>in</span> 
     </span>
    </p>

    <p class='ocr_par' dir='ltr' id='par_1_7' title="bbox 82 876 1533 1104">
     <span class='ocr_line' id='line_1_14' title="bbox 82 876 1478 922; baseline 0.002 -8"><span class='ocrx_word' id='word_1_109' title='bbox 82 882 103 912; x_wconf 81' lang='lat'><strong>9</strong></span> <span class='ocrx_word' id='word_1_110' title='bbox 129 888 246 916; x_wconf 91' lang='lat' dir='ltr'>nova</span> <span class='ocrx_word' id='word_1_111' title='bbox 273 877 508 922; x_wconf 88' lang='lat' dir='ltr'>deditione,</span> <span class='ocrx_word' id='word_1_112' title='bbox 537 876 679 916; x_wconf 86' lang='lat' dir='ltr'>officia</span> <span class='ocrx_word' id='word_1_113' title='bbox 707 877 990 916; x_wconf 84' lang='lat' dir='ltr'>intenderant.</span> <span class='ocrx_word' id='word_1_114' title='bbox 1023 882 1212 917; x_wconf 88' lang='lat' dir='ltr'>ceterum</span> <span class='ocrx_word' id='word_1_115' title='bbox 1240 877 1396 917; x_wconf 87' lang='lat' dir='ltr'>milites</span> <span class='ocrx_word' id='word_1_116' title='bbox 1419 890 1478 918; x_wconf 88' lang='lat' dir='ltr'>re-</span> 
     </span>
     <span class='ocr_line' id='line_1_15' title="bbox 130 936 1478 986; baseline 0.002 -12"><span class='ocrx_word' id='word_1_117' title='bbox 130 936 293 986; x_wconf 88' lang='lat' dir='ltr'>ligione</span> <span class='ocrx_word' id='word_1_118' title='bbox 321 936 469 985; x_wconf 90' lang='lat' dir='ltr'>pluvia</span> <span class='ocrx_word' id='word_1_119' title='bbox 496 937 635 986; x_wconf 87' lang='lat' dir='ltr'>magis</span> <span class='ocrx_word' id='word_1_120' title='bbox 663 938 741 982; x_wconf 94' lang='lat' dir='ltr'>usi,</span> <span class='ocrx_word' id='word_1_121' title='bbox 770 948 909 985; x_wconf 88' lang='lat' dir='ltr'>eaque</span> <span class='ocrx_word' id='word_1_122' title='bbox 938 947 1003 976; x_wconf 91' lang='lat' dir='ltr'>res</span> <span class='ocrx_word' id='word_1_123' title='bbox 1025 937 1207 976; x_wconf 90' lang='lat' dir='ltr'>multum</span> <span class='ocrx_word' id='word_1_124' title='bbox 1229 938 1385 976; x_wconf 90' lang='lat' dir='ltr'>animis</span> <span class='ocrx_word' id='word_1_125' title='bbox 1407 949 1478 977; x_wconf 84' lang='lat' dir='ltr'>eo-</span> 
     </span>
     <span class='ocr_line' id='line_1_16' title="bbox 130 995 1533 1039; baseline -0.001 -5"><span class='ocrx_word' id='word_1_126' title='bbox 130 1007 221 1034; x_wconf 90' lang='lat' dir='ltr'>rum</span> <span class='ocrx_word' id='word_1_127' title='bbox 249 995 427 1039; x_wconf 88' lang='lat' dir='ltr'>addidit,</span> <span class='ocrx_word' id='word_1_128' title='bbox 455 1006 554 1034; x_wconf 88' lang='lat' dir='ltr'>narn</span> <span class='ocrx_word' id='word_1_129' title='bbox 584 996 659 1034; x_wconf 91' lang='lat' dir='ltr'>rati</span> <span class='ocrx_word' id='word_1_130' title='bbox 687 1007 784 1035; x_wconf 89' lang='lat' dir='ltr'>sese</span> <span class='ocrx_word' id='word_1_131' title='bbox 812 995 878 1034; x_wconf 92' lang='lat' dir='ltr'>dis</span> <span class='ocrx_word' id='word_1_132' title='bbox 900 996 1199 1035; x_wconf 88' lang='lat' dir='ltr'>inmortalibus</span> <span class='ocrx_word' id='word_1_133' title='bbox 1222 1008 1347 1036; x_wconf 91' lang='lat' dir='ltr'>curae</span> <span class='ocrx_word' id='word_1_134' title='bbox 1370 1008 1477 1036; x_wconf 89' lang='lat' dir='ltr'>esse.</span> <span class='ocrx_word' id='word_1_135' title='bbox 1500 1007 1533 1034; x_wconf 81' lang='lat'>15</span> 
     </span>
     <span class='ocr_line' id='line_1_17' title="bbox 130 1054 1478 1104; baseline 0.001 -11"><span class='ocrx_word' id='word_1_136' title='bbox 130 1055 289 1094; x_wconf 90' lang='lat' dir='ltr'>deinde</span> <span class='ocrx_word' id='word_1_137' title='bbox 310 1059 484 1104; x_wconf 89' lang='lat' dir='ltr'>postero</span> <span class='ocrx_word' id='word_1_138' title='bbox 507 1054 577 1094; x_wconf 91' lang='lat' dir='ltr'>die</span> <span class='ocrx_word' id='word_1_139' title='bbox 599 1060 746 1094; x_wconf 88' lang='lat' dir='ltr'>contra</span> <span class='ocrx_word' id='word_1_140' title='bbox 768 1056 1020 1104; x_wconf 90' lang='lat' dir='ltr'>opinionem</span> <span class='ocrx_word' id='word_1_141' title='bbox 1042 1055 1272 1104; x_wconf 86' lang='lat' dir='ltr'>Iugurthae</span> <span class='ocrx_word' id='word_1_142' title='bbox 1292 1055 1347 1095; x_wconf 94' lang='lat' dir='ltr'>ad</span> <span class='ocrx_word' id='word_1_143' title='bbox 1368 1055 1478 1094; x_wconf 92' lang='lat' dir='ltr'>Tha-</span> 
     </span>
    </p>

    <p class='ocr_par' dir='ltr' id='par_1_8' title="bbox 70 1113 1478 1222">
     <span class='ocr_line' id='line_1_18' title="bbox 70 1113 1478 1163; baseline 0.002 -12"><span class='ocrx_word' id='word_1_144' title='bbox 70 1113 214 1153; x_wconf 79' lang='lat' dir='ltr'>lolam</span> <span class='ocrx_word' id='word_1_145' title='bbox 237 1115 504 1163; x_wconf 89' lang='lat' dir='ltr'>perveniunt.</span> <span class='ocrx_word' id='word_1_146' title='bbox 532 1114 754 1163; x_wconf 86' lang='lat' dir='ltr'>oppidani,</span> <span class='ocrx_word' id='word_1_147' title='bbox 775 1115 848 1163; x_wconf 92' lang='lat' dir='ltr'>qui</span> <span class='ocrx_word' id='word_1_148' title='bbox 870 1125 917 1153; x_wconf 90' lang='lat' dir='ltr'>se</span> <span class='ocrx_word' id='word_1_149' title='bbox 932 1114 1125 1154; x_wconf 92' lang='lat' dir='ltr'>locorum</span> <span class='ocrx_word' id='word_1_150' title='bbox 1141 1116 1372 1163; x_wconf 80' lang='lat' dir='ltr'>asperitate</span> <span class='ocrx_word' id='word_1_151' title='bbox 1387 1127 1478 1154; x_wconf 87' lang='lat' dir='ltr'>mu-</span> 
     </span>
     <span class='ocr_line' id='line_1_19' title="bbox 130 1173 1477 1222; baseline 0.001 -11"><span class='ocrx_word' id='word_1_152' title='bbox 130 1174 243 1213; x_wconf 90' lang='lat' dir='ltr'>nitos</span> <span class='ocrx_word' id='word_1_153' title='bbox 271 1173 551 1218; x_wconf 89' lang='lat' dir='ltr'>crediderant,</span> <span class='ocrx_word' id='word_1_154' title='bbox 579 1184 740 1222; x_wconf 91' lang='lat' dir='ltr'>magna</span> <span class='ocrx_word' id='word_1_155' title='bbox 766 1178 897 1222; x_wconf 91' lang='lat' dir='ltr'>atque</span> <span class='ocrx_word' id='word_1_156' title='bbox 924 1173 1096 1212; x_wconf 93' lang='lat' dir='ltr'>insolita</span> <span class='ocrx_word' id='word_1_157' title='bbox 1124 1184 1166 1212; x_wconf 87' lang='lat' dir='ltr'>re</span> <span class='ocrx_word' id='word_1_158' title='bbox 1195 1174 1389 1222; x_wconf 88' lang='lat' dir='ltr'>perculsi,</span> <span class='ocrx_word' id='word_1_159' title='bbox 1418 1176 1477 1212; x_wconf 85' lang='lat' dir='ltr'>ni-</span> 
     </span>
    </p>

    <p class='ocr_par' dir='ltr' id='par_1_9' title="bbox 66 1232 1532 1755">
     <span class='ocr_line' id='line_1_20' title="bbox 66 1232 1476 1282; baseline 0 -10"><span class='ocrx_word' id='word_1_160' title='bbox 66 1232 216 1272; x_wconf 85' lang='lat' dir='ltr'>76hilo</span> <span class='ocrx_word' id='word_1_161' title='bbox 239 1233 417 1282; x_wconf 91' lang='lat' dir='ltr'>segnius</span> <span class='ocrx_word' id='word_1_162' title='bbox 439 1232 601 1271; x_wconf 89' lang='lat' dir='ltr'>bellurn</span> <span class='ocrx_word' id='word_1_163' title='bbox 623 1244 789 1281; x_wconf 76' lang='lat' dir='ltr'>parare:</span> <span class='ocrx_word' id='word_1_164' title='bbox 818 1232 932 1272; x_wconf 92' lang='lat' dir='ltr'>idem</span> <span class='ocrx_word' id='word_1_165' title='bbox 955 1233 1088 1272; x_wconf 92' lang='lat' dir='ltr'>nostri</span> <span class='ocrx_word' id='word_1_166' title='bbox 1109 1233 1260 1273; x_wconf 81' lang='lat' dir='ltr'>facere.</span> <span class='ocrx_word' id='word_1_167' title='bbox 1295 1233 1372 1273; x_wconf 92' lang='lat' dir='ltr'>sed</span> <span class='ocrx_word' id='word_1_168' title='bbox 1394 1244 1476 1278; x_wconf 81' lang='lat' dir='ltr'>rex,</span> 
     </span>
     <span class='ocr_line' id='line_1_21' title="bbox 128 1291 1532 1342; baseline -0.001 -12"><span class='ocrx_word' id='word_1_169' title='bbox 128 1291 233 1331; x_wconf 90' lang='lat' dir='ltr'>nihil</span> <span class='ocrx_word' id='word_1_170' title='bbox 261 1293 346 1331; x_wconf 91' lang='lat' dir='ltr'>iam</span> <span class='ocrx_word' id='word_1_171' title='bbox 374 1291 578 1331; x_wconf 82' lang='lat' dir='ltr'>infectum</span> <span class='ocrx_word' id='word_1_172' title='bbox 603 1291 778 1331; x_wconf 90' lang='lat' dir='ltr'>Metello</span> <span class='ocrx_word' id='word_1_173' title='bbox 807 1292 998 1338; x_wconf 90' lang='lat' dir='ltr'>credens,</span> <span class='ocrx_word' id='word_1_174' title='bbox 1026 1292 1189 1341; x_wconf 85' lang='lat' dir='ltr'>quippe</span> <span class='ocrx_word' id='word_1_175' title='bbox 1216 1293 1289 1342; x_wconf 90' lang='lat' dir='ltr'>qui</span> <span class='ocrx_word' id='word_1_176' title='bbox 1317 1293 1476 1338; x_wconf 85' lang='lat' dir='ltr'>omnia,</span> <span class='ocrx_word' id='word_1_177' title='bbox 1496 1302 1532 1329; x_wconf 84' lang='lat'>20</span> 
     </span>
     <span class='ocr_line' id='line_1_22' title="bbox 129 1351 1478 1404; baseline 0.001 -15"><span class='ocrx_word' id='word_1_178' title='bbox 129 1362 248 1389; x_wconf 90' lang='lat' dir='ltr'>arma</span> <span class='ocrx_word' id='word_1_179' title='bbox 269 1351 366 1396; x_wconf 88' lang='lat' dir='ltr'>tela,</span> <span class='ocrx_word' id='word_1_180' title='bbox 388 1351 509 1391; x_wconf 91' lang='lat' dir='ltr'>locos</span> <span class='ocrx_word' id='word_1_181' title='bbox 525 1355 732 1400; x_wconf 86' lang='lat' dir='ltr'>tempora,</span> <span class='ocrx_word' id='word_1_182' title='bbox 754 1351 943 1404; x_wconf 87' lang='lat' dir='ltr'>denique</span> <span class='ocrx_word' id='word_1_183' title='bbox 959 1355 1155 1389; x_wconf 86' lang='lat' dir='ltr'>naturam</span> <span class='ocrx_word' id='word_1_184' title='bbox 1171 1351 1310 1400; x_wconf 89' lang='lat' dir='ltr'>ipsam</span> <span class='ocrx_word' id='word_1_185' title='bbox 1328 1352 1478 1391; x_wconf 88' lang='lat' dir='ltr'>ceteris</span> 
     </span>
     <span class='ocr_line' id='line_1_23' title="bbox 130 1410 1478 1460; baseline 0 -11"><span class='ocrx_word' id='word_1_186' title='bbox 130 1411 446 1459; x_wconf 88' lang='lat' dir='ltr'>imperitantem</span> <span class='ocrx_word' id='word_1_187' title='bbox 483 1410 692 1449; x_wconf 91' lang='lat' dir='ltr'>industria</span> <span class='ocrx_word' id='word_1_188' title='bbox 724 1411 897 1456; x_wconf 89' lang='lat' dir='ltr'>vicerat,</span> <span class='ocrx_word' id='word_1_189' title='bbox 933 1422 1029 1449; x_wconf 88' lang='lat' dir='ltr'>cum</span> <span class='ocrx_word' id='word_1_190' title='bbox 1068 1410 1212 1449; x_wconf 91' lang='lat' dir='ltr'>liberis</span> <span class='ocrx_word' id='word_1_191' title='bbox 1246 1415 1285 1450; x_wconf 89' lang='lat' dir='ltr'>et</span> <span class='ocrx_word' id='word_1_192' title='bbox 1318 1421 1478 1460; x_wconf 85' lang='lat' dir='ltr'>magna</span> 
     </span>
     <span class='ocr_line' id='line_1_24' title="bbox 130 1469 1478 1519; baseline 0 -11"><span class='ocrx_word' id='word_1_193' title='bbox 130 1474 249 1518; x_wconf 89' lang='lat' dir='ltr'>parte</span> <span class='ocrx_word' id='word_1_194' title='bbox 277 1470 489 1518; x_wconf 90' lang='lat' dir='ltr'>pecuniae</span> <span class='ocrx_word' id='word_1_195' title='bbox 517 1480 567 1508; x_wconf 91' lang='lat' dir='ltr'>ex</span> <span class='ocrx_word' id='word_1_196' title='bbox 590 1469 755 1518; x_wconf 89' lang='lat' dir='ltr'>oppido</span> <span class='ocrx_word' id='word_1_197' title='bbox 776 1474 907 1509; x_wconf 89' lang='lat' dir='ltr'>noctu</span> <span class='ocrx_word' id='word_1_198' title='bbox 929 1469 1128 1519; x_wconf 84' lang='lat' dir='ltr'>profugit.</span> <span class='ocrx_word' id='word_1_199' title='bbox 1160 1480 1304 1519; x_wconf 88' lang='lat' dir='ltr'>neque</span> <span class='ocrx_word' id='word_1_200' title='bbox 1326 1474 1478 1518; x_wconf 86' lang='lat' dir='ltr'>postea</span> 
     </span>
     <span class='ocr_line' id='line_1_25' title="bbox 130 1528 1477 1577; baseline 0.001 -10"><span class='ocrx_word' id='word_1_201' title='bbox 130 1529 171 1567; x_wconf 92' lang='lat' dir='ltr'>in</span> <span class='ocrx_word' id='word_1_202' title='bbox 206 1528 294 1568; x_wconf 92' lang='lat' dir='ltr'>ullo</span> <span class='ocrx_word' id='word_1_203' title='bbox 328 1528 425 1568; x_wconf 89' lang='lat' dir='ltr'>loco</span> <span class='ocrx_word' id='word_1_204' title='bbox 459 1528 646 1577; x_wconf 90' lang='lat' dir='ltr'>amplius</span> <span class='ocrx_word' id='word_1_205' title='bbox 679 1540 767 1568; x_wconf 93' lang='lat' dir='ltr'>uno</span> <span class='ocrx_word' id='word_1_206' title='bbox 802 1529 872 1568; x_wconf 88' lang='lat' dir='ltr'>die</span> <span class='ocrx_word' id='word_1_207' title='bbox 901 1533 974 1567; x_wconf 91' lang='lat' dir='ltr'>aut</span> <span class='ocrx_word' id='word_1_208' title='bbox 1000 1539 1087 1567; x_wconf 91' lang='lat' dir='ltr'>una</span> <span class='ocrx_word' id='word_1_209' title='bbox 1114 1533 1242 1568; x_wconf 90' lang='lat' dir='ltr'>nocte</span> <span class='ocrx_word' id='word_1_210' title='bbox 1273 1533 1477 1573; x_wconf 90' lang='lat' dir='ltr'>moratus,</span> 
     </span>
     <span class='ocr_line' id='line_1_26' title="bbox 130 1587 1532 1637; baseline 0 -11"><span class='ocrx_word' id='word_1_211' title='bbox 130 1587 362 1627; x_wconf 89' lang='lat' dir='ltr'>simulabat</span> <span class='ocrx_word' id='word_1_212' title='bbox 389 1599 486 1627; x_wconf 92' lang='lat' dir='ltr'>sese</span> <span class='ocrx_word' id='word_1_213' title='bbox 512 1588 660 1637; x_wconf 88' lang='lat' dir='ltr'>negoti</span> <span class='ocrx_word' id='word_1_214' title='bbox 690 1588 826 1637; x_wconf 86' lang='lat' dir='ltr'>gratia</span> <span class='ocrx_word' id='word_1_215' title='bbox 852 1599 1093 1637; x_wconf 89' lang='lat' dir='ltr'>properare,</span> <span class='ocrx_word' id='word_1_216' title='bbox 1120 1592 1308 1627; x_wconf 89' lang='lat' dir='ltr'>ceterum</span> <span class='ocrx_word' id='word_1_217' title='bbox 1337 1588 1476 1637; x_wconf 79' lang='lat' dir='ltr'>prodi-</span> <span class='ocrx_word' id='word_1_218' title='bbox 1497 1597 1532 1624; x_wconf 84' lang='lat'>25</span> 
     </span>
     <span class='ocr_line' id='line_1_27' title="bbox 128 1647 1475 1696; baseline 0 -10"><span class='ocrx_word' id='word_1_219' title='bbox 128 1648 291 1687; x_wconf 88' lang='lat' dir='ltr'>tionem</span> <span class='ocrx_word' id='word_1_220' title='bbox 324 1647 514 1692; x_wconf 88' lang='lat' dir='ltr'>timebat,</span> <span class='ocrx_word' id='word_1_221' title='bbox 548 1658 678 1696; x_wconf 93' lang='lat' dir='ltr'>quam</span> <span class='ocrx_word' id='word_1_222' title='bbox 705 1648 840 1686; x_wconf 90' lang='lat' dir='ltr'>vitare</span> <span class='ocrx_word' id='word_1_223' title='bbox 874 1658 1005 1696; x_wconf 89' lang='lat' dir='ltr'>posse</span> <span class='ocrx_word' id='word_1_224' title='bbox 1038 1647 1253 1686; x_wconf 89' lang='lat' dir='ltr'>celeritate</span> <span class='ocrx_word' id='word_1_225' title='bbox 1280 1647 1475 1696; x_wconf 87' lang='lat' dir='ltr'>putabat:</span> 
     </span>
     <span class='ocr_line' id='line_1_28' title="bbox 129 1706 1476 1755; baseline 0 -10"><span class='ocrx_word' id='word_1_226' title='bbox 129 1717 229 1745; x_wconf 90' lang='lat' dir='ltr'>narn</span> <span class='ocrx_word' id='word_1_227' title='bbox 264 1706 365 1745; x_wconf 91' lang='lat' dir='ltr'>talia</span> <span class='ocrx_word' id='word_1_228' title='bbox 399 1706 580 1746; x_wconf 83' lang='lat' dir='ltr'>consilia</span> <span class='ocrx_word' id='word_1_229' title='bbox 607 1717 682 1754; x_wconf 90' lang='lat' dir='ltr'>per</span> <span class='ocrx_word' id='word_1_230' title='bbox 709 1706 844 1745; x_wconf 89' lang='lat' dir='ltr'>otium</span> <span class='ocrx_word' id='word_1_231' title='bbox 873 1710 914 1745; x_wconf 93' lang='lat' dir='ltr'>et</span> <span class='ocrx_word' id='word_1_232' title='bbox 941 1717 992 1745; x_wconf 89' lang='lat' dir='ltr'>ex</span> <span class='ocrx_word' id='word_1_233' title='bbox 1020 1707 1342 1755; x_wconf 87' lang='lat' dir='ltr'>opportunitate</span> <span class='ocrx_word' id='word_1_234' title='bbox 1369 1707 1476 1755; x_wconf 82' lang='lat' dir='ltr'>capi.</span> 
     </span>
    </p>

    <p class='ocr_par' dir='ltr' id='par_1_10' title="bbox 80 1765 1477 1873">
     <span class='ocr_line' id='line_1_29' title="bbox 80 1765 1475 1814; baseline 0.002 -13"><span class='ocrx_word' id='word_1_235' title='bbox 80 1770 101 1800; x_wconf 89' lang='lat'>2</span> <span class='ocrx_word' id='word_1_236' title='bbox 129 1770 171 1804; x_wconf 92' lang='lat' dir='ltr'>at</span> <span class='ocrx_word' id='word_1_237' title='bbox 192 1765 403 1811; x_wconf 86' lang='lat' dir='ltr'>Metellus,</span> <span class='ocrx_word' id='word_1_238' title='bbox 431 1766 504 1804; x_wconf 92' lang='lat' dir='ltr'>ubi</span> <span class='ocrx_word' id='word_1_239' title='bbox 527 1765 774 1814; x_wconf 88' lang='lat' dir='ltr'>oppidanos</span> <span class='ocrx_word' id='word_1_240' title='bbox 797 1765 961 1814; x_wconf 89' lang='lat' dir='ltr'>proelio</span> <span class='ocrx_word' id='word_1_241' title='bbox 984 1766 1184 1811; x_wconf 85' lang='lat' dir='ltr'>intentos,</span> <span class='ocrx_word' id='word_1_242' title='bbox 1205 1765 1332 1804; x_wconf 89' lang='lat' dir='ltr'>simul</span> <span class='ocrx_word' id='word_1_243' title='bbox 1355 1766 1475 1814; x_wconf 67' lang='lat' dir='ltr'>oppi⁵</span> 
     </span>
     <span class='ocr_line' id='line_1_30' title="bbox 129 1824 1477 1873; baseline 0.001 -10"><span class='ocrx_word' id='word_1_244' title='bbox 129 1824 232 1863; x_wconf 91' lang='lat' dir='ltr'>dum</span> <span class='ocrx_word' id='word_1_245' title='bbox 262 1829 303 1863; x_wconf 90' lang='lat' dir='ltr'>et</span> <span class='ocrx_word' id='word_1_246' title='bbox 329 1825 534 1873; x_wconf 89' lang='lat' dir='ltr'>operibus</span> <span class='ocrx_word' id='word_1_247' title='bbox 562 1829 602 1863; x_wconf 92' lang='lat' dir='ltr'>et</span> <span class='ocrx_word' id='word_1_248' title='bbox 624 1824 720 1864; x_wconf 87' lang='lat' dir='ltr'>loco</span> <span class='ocrx_word' id='word_1_249' title='bbox 743 1825 955 1863; x_wconf 90' lang='lat' dir='ltr'>munitum</span> <span class='ocrx_word' id='word_1_250' title='bbox 976 1824 1105 1870; x_wconf 88' lang='lat' dir='ltr'>videt,</span> <span class='ocrx_word' id='word_1_251' title='bbox 1131 1824 1248 1864; x_wconf 89' lang='lat' dir='ltr'>vallo</span> <span class='ocrx_word' id='word_1_252' title='bbox 1270 1824 1477 1873; x_wconf 75' lang='lat' dir='ltr'>fossaque</span> 
     </span>
    </p>

    <p class='ocr_par' dir='ltr' id='par_1_11' title="bbox 81 1883 1531 1992">
     <span class='ocr_line' id='line_1_31' title="bbox 81 1883 1531 1932; baseline -0.001 -11"><span class='ocrx_word' id='word_1_253' title='bbox 81 1888 102 1919; x_wconf 87' lang='grc'>3</span> <span class='ocrx_word' id='word_1_254' title='bbox 129 1885 303 1923; x_wconf 90' lang='lat' dir='ltr'>moenia</span> <span class='ocrx_word' id='word_1_255' title='bbox 320 1885 610 1923; x_wconf 87' lang='lat' dir='ltr'>circumvenit.</span> <span class='ocrx_word' id='word_1_256' title='bbox 635 1883 735 1922; x_wconf 90' lang='lat' dir='ltr'>dein</span> <span class='ocrx_word' id='word_1_257' title='bbox 752 1884 924 1923; x_wconf 89' lang='lat' dir='ltr'>duobus</span> <span class='ocrx_word' id='word_1_258' title='bbox 941 1883 1046 1923; x_wconf 90' lang='lat' dir='ltr'>locis</span> <span class='ocrx_word' id='word_1_259' title='bbox 1062 1894 1113 1922; x_wconf 90' lang='lat' dir='ltr'>ex</span> <span class='ocrx_word' id='word_1_260' title='bbox 1130 1884 1256 1932; x_wconf 92' lang='lat' dir='ltr'>copia</span> <span class='ocrx_word' id='word_1_261' title='bbox 1271 1894 1476 1923; x_wconf 86' lang='lat' dir='ltr'>maxume</span> <span class='ocrx_word' id='word_1_262' title='bbox 1495 1892 1531 1920; x_wconf 81' lang='lat'>30</span> 
     </span>
     <span class='ocr_line' id='line_1_32' title="bbox 130 1939 1476 1992; baseline 0 -10"><span class='ocrx_word' id='word_1_263' title='bbox 130 1943 298 1982; x_wconf 90' lang='lat' dir='ltr'>idoneis</span> <span class='ocrx_word' id='word_1_264' title='bbox 320 1944 471 1982; x_wconf 88' lang='lat' dir='ltr'>vineas</span> <span class='ocrx_word' id='word_1_265' title='bbox 499 1953 639 1992; x_wconf 89' lang='lat' dir='ltr'>agere,</span> <span class='ocrx_word' id='word_1_266' title='bbox 668 1939 901 1992; x_wconf 89' lang='lat' dir='ltr'>[superque</span> <span class='ocrx_word' id='word_1_267' title='bbox 929 1943 1017 1987; x_wconf 77' lang='lat' dir='ltr'>eas]</span> <span class='ocrx_word' id='word_1_268' title='bbox 1043 1953 1247 1992; x_wconf 83' lang='lat' dir='ltr'>aggerem</span> <span class='ocrx_word' id='word_1_269' title='bbox 1275 1943 1415 1982; x_wconf 90' lang='lat' dir='ltr'>iacere</span> <span class='ocrx_word' id='word_1_270' title='bbox 1436 1948 1476 1982; x_wconf 86' lang='lat' dir='ltr'>et</span> 
     </span>
    </p>
   </div>
   <div class='ocr_carea' id='block_1_3' title="bbox 128 2066 1479 2339">
    <p class='ocr_par' dir='ltr' id='par_1_12' title="bbox 190 2066 1475 2110">
     <span class='ocr_line' id='line_1_33' title="bbox 190 2066 1475 2110; baseline 0 -8"><span class='ocrx_word' id='word_1_271' title='bbox 190 2071 203 2102; x_wconf 92' lang='lat'>1</span> <span class='ocrx_word' id='word_1_272' title='bbox 229 2071 355 2102; x_wconf 86' lang='lat' dir='ltr'>domiti</span> <span class='ocrx_word' id='word_1_273' title='bbox 377 2071 520 2110; x_wconf 83' lang='lat' dir='ltr'>pecoris</span> <span class='ocrx_word' id='word_1_274' title='bbox 542 2070 653 2102; x_wconf 79' lang='lat' dir='ltr'>Char.</span> <span class='ocrx_word' id='word_1_275' title='bbox 673 2070 921 2110; x_wconf 75' lang='lat' dir='ltr'>yramm.136‚</span> <span class='ocrx_word' id='word_1_276' title='bbox 935 2074 956 2101; x_wconf 82' lang='lat'><em>2</em></span> <span class='ocrx_word' id='word_1_277' title='bbox 1005 2068 1138 2109; x_wconf 88' lang='lat' dir='ltr'>eoque]</span> <span class='ocrx_word' id='word_1_278' title='bbox 1159 2079 1230 2110; x_wconf 89' lang='lat' dir='ltr'>que</span> <span class='ocrx_word' id='word_1_279' title='bbox 1245 2080 1315 2102; x_wconf 88' lang='lat' dir='ltr'>om.</span> <span class='ocrx_word' id='word_1_280' title='bbox 1330 2066 1475 2102; x_wconf 82' lang='lat' dir='ltr'>PA¹N1</span> 
     </span>
    </p>

    <p class='ocr_par' dir='ltr' id='par_1_13' title="bbox 129 2116 1479 2252">
     <span class='ocr_line' id='line_1_34' title="bbox 189 2116 1474 2158; baseline -0.001 -9"><span class='ocrx_word' id='word_1_281' title='bbox 189 2118 208 2149; x_wconf 87' lang='lat'>5</span> <span class='ocrx_word' id='word_1_282' title='bbox 242 2118 347 2149; x_wconf 79' lang='lat' dir='ltr'>fuerit</span> <span class='ocrx_word' id='word_1_283' title='bbox 380 2119 549 2158; x_wconf 77' lang='lat' dir='ltr'>plerique</span> <span class='ocrx_word' id='word_1_284' title='bbox 582 2119 689 2150; x_wconf 79' lang='lat' dir='ltr'>codd.</span> <span class='ocrx_word' id='word_1_285' title='bbox 716 2116 847 2155; x_wconf 80' lang='lat' dir='ltr'>(fuerat</span> <span class='ocrx_word' id='word_1_286' title='bbox 872 2118 903 2149; x_wconf 91' lang='lat' dir='ltr'>N</span> <span class='ocrx_word' id='word_1_287' title='bbox 930 2117 994 2148; x_wconf 84' lang='lat' dir='ltr'>fuit</span> <span class='ocrx_word' id='word_1_288' title='bbox 1021 2116 1094 2156; x_wconf 88' lang='lat' dir='ltr'>M),·</span> <span class='ocrx_word' id='word_1_289' title='bbox 1120 2127 1168 2149; x_wconf 81' lang='grc' dir='ltr'>(ιη</span> <span class='ocrx_word' id='word_1_290' title='bbox 1197 2118 1314 2149; x_wconf 76' lang='lat' dir='ltr'>forent</span> <span class='ocrx_word' id='word_1_291' title='bbox 1340 2118 1396 2149; x_wconf 77' lang='lat' dir='ltr'>vel</span> <span class='ocrx_word' id='word_1_292' title='bbox 1422 2117 1474 2148; x_wconf 79' lang='lat' dir='ltr'>iu-</span> 
     </span>
     <span class='ocr_line' id='line_1_35' title="bbox 129 2164 1479 2204; baseline 0 -8"><span class='ocrx_word' id='word_1_293' title='bbox 129 2166 194 2197; x_wconf 86' lang='lat' dir='ltr'>turi</span> <span class='ocrx_word' id='word_1_294' title='bbox 221 2165 319 2196; x_wconf 84' lang='lat' dir='ltr'>sint?</span> <span class='ocrx_word' id='word_1_295' title='bbox 387 2165 407 2196; x_wconf 89' lang='grc'>8</span> <span class='ocrx_word' id='word_1_296' title='bbox 428 2165 562 2196; x_wconf 86' lang='lat' dir='ltr'>Marius</span> <span class='ocrx_word' id='word_1_297' title='bbox 589 2165 635 2196; x_wconf 90' lang='lat' dir='ltr'>ad</span> <span class='ocrx_word' id='word_1_298' title='bbox 655 2164 805 2196; x_wconf 86' lang='lat' dir='ltr'>Thalam</span> <span class='ocrx_word' id='word_1_299' title='bbox 835 2165 1017 2203; x_wconf 84' lang='lat' dir='ltr'>profectus</span> <span class='ocrx_word' id='word_1_300' title='bbox 1038 2165 1145 2196; x_wconf 83' lang='lat' dir='ltr'>Prob.</span> <span class='ocrx_word' id='word_1_301' title='bbox 1162 2166 1248 2196; x_wconf 77' lang='lat' dir='ltr'>inst.</span> <span class='ocrx_word' id='word_1_302' title='bbox 1262 2174 1417 2204; x_wconf 76' lang='lat' dir='ltr'>yramm.</span> <span class='ocrx_word' id='word_1_303' title='bbox 1433 2164 1479 2195; x_wconf 84' lang='lat' dir='ltr'>IV</span> 
     </span>
     <span class='ocr_line' id='line_1_36' title="bbox 129 2211 1476 2252; baseline -0.001 -8"><span class='ocrx_word' id='word_1_304' title='bbox 129 2216 200 2251; x_wconf 85' lang='lat'>150,</span> <span class='ocrx_word' id='word_1_305' title='bbox 211 2216 251 2244; x_wconf 84' lang='lat'>25</span> <span class='ocrx_word' id='word_1_306' title='bbox 316 2212 357 2243; x_wconf 92' lang='grc'>18</span> <span class='ocrx_word' id='word_1_307' title='bbox 379 2212 493 2244; x_wconf 88' lang='lat' dir='ltr'>nihilo</span> <span class='ocrx_word' id='word_1_308' title='bbox 514 2214 664 2251; x_wconf 85' lang='lat' dir='ltr'>segnius</span> <span class='ocrx_word' id='word_1_309' title='bbox 685 2212 791 2244; x_wconf 78' lang='lat' dir='ltr'>Artis.</span> <span class='ocrx_word' id='word_1_310' title='bbox 811 2221 967 2252; x_wconf 76' lang='lat' dir='ltr'>yramm.</span> <span class='ocrx_word' id='word_1_311' title='bbox 986 2211 1043 2243; x_wconf 89' lang='lat' dir='ltr'>Vll</span> <span class='ocrx_word' id='word_1_312' title='bbox 1059 2216 1131 2250; x_wconf 79' lang='lat'>495,</span> <span class='ocrx_word' id='word_1_313' title='bbox 1154 2216 1192 2243; x_wconf 82' lang='grc'>14</span> <span class='ocrx_word' id='word_1_314' title='bbox 1243 2211 1381 2244; x_wconf 87' lang='lat' dir='ltr'>19item</span> <span class='ocrx_word' id='word_1_315' title='bbox 1403 2211 1476 2243; x_wconf 86' lang='lat' dir='ltr'>AN</span> 
     </span>
    </p>

    <p class='ocr_par' dir='ltr' id='par_1_14' title="bbox 128 2255 1476 2339">
     <span class='ocr_line' id='line_1_37' title="bbox 189 2255 1476 2291; baseline -0.001 0"><span class='ocrx_word' id='word_1_316' title='bbox 189 2260 233 2291; x_wconf 84' lang='lat'>24</span> <span class='ocrx_word' id='word_1_317' title='bbox 259 2269 333 2291; x_wconf 93' lang='lat' dir='ltr'>uno</span> <span class='ocrx_word' id='word_1_318' title='bbox 354 2259 444 2291; x_wconf 92' lang='lat' dir='ltr'>XNl</span> <span class='ocrx_word' id='word_1_319' title='bbox 466 2269 538 2291; x_wconf 90' lang='lat' dir='ltr'>una</span> <span class='ocrx_word' id='word_1_320' title='bbox 559 2260 637 2291; x_wconf 83' lang='lat' dir='ltr'>rell.</span> <span class='ocrx_word' id='word_1_321' title='bbox 705 2259 750 2291; x_wconf 84' lang='lat'>30</span> <span class='ocrx_word' id='word_1_322' title='bbox 771 2259 856 2290; x_wconf 85' lang='lat' dir='ltr'>dein</span> <span class='ocrx_word' id='word_1_323' title='bbox 878 2260 1020 2290; x_wconf 87' lang='lat' dir='ltr'>duobus</span> <span class='ocrx_word' id='word_1_324' title='bbox 1041 2255 1199 2291; x_wconf 75' lang='lat' dir='ltr'><strong>PA¹T²1</strong></span> <span class='ocrx_word' id='word_1_325' title='bbox 1222 2260 1355 2291; x_wconf 84' lang='lat' dir='ltr'>deinde</span> <span class='ocrx_word' id='word_1_326' title='bbox 1376 2259 1476 2290; x_wconf 85' lang='lat' dir='ltr'>iubet</span> 
     </span>
     <span class='ocr_line' id='line_1_38' title="bbox 128 2307 572 2339; baseline -0.002 0"><span class='ocrx_word' id='word_1_327' title='bbox 128 2308 205 2339; x_wconf 82' lang='lat' dir='ltr'>rell.</span> <span class='ocrx_word' id='word_1_328' title='bbox 281 2307 320 2339; x_wconf 87' lang='grc'>31</span> <span class='ocrx_word' id='word_1_329' title='bbox 352 2308 421 2338; x_wconf 81' lang='lat' dir='ltr'>(IeI.</span> <span class='ocrx_word' id='word_1_330' title='bbox 442 2307 572 2338; x_wconf 73' lang='lat' dir='ltr'>Kortte</span> 
     </span>
    </p>
   </div>
  </div>
 </body>
</html>
