1593 2496
351 86 557 122 BELLUM
586 83 950 121 IUGURTHINUM
979 87 1116 119 85-87
1335 85 1421 126 123

65 201 215 240 mitate
236 199 418 239 aliorum
441 202 514 237 aut
536 199 843 247 imperatorum
866 196 1070 246 superbia
1092 200 1233 235 metus
1249 196 1421 245 ceperit.

66 264 243 310 egomet
270 259 312 298 in
339 259 516 308 agmine
543 262 616 296 aut
643 257 685 295 in
714 255 879 305 proelio
908 254 1129 295 consultor
1153 254 1267 295 idem
1291 260 1331 294 et
1353 266 1420 295 so-

66 320 159 358 cius
188 317 364 368 periculi
390 317 621 357 vobiscum
649 315 793 361 adero,
828 325 988 364 meque
1014 325 1186 363 vosque
1212 315 1254 353 in
1283 315 1420 354 omni-

66 378 147 417 bus
169 378 297 417 rebus
318 378 436 416 iuxta
457 386 616 426 geram.
645 379 685 414 et
706 374 898 424 profecto
921 374 986 413 dis
1007 373 1256 413 iuvantibus
1273 374 1421 413 omnia
1435 379 1479 411 48

21 448 39 473 5
65 441 233 476 matura
260 441 376 476 sunt:
409 436 601 481 victoria,
636 434 809 484 praeda,
837 433 943 473 laus.
983 444 1098 483 quae
1125 433 1159 472 si
1187 433 1320 472 dubia
1347 437 1421 473 aut

65 496 214 546 procul
237 500 393 541 essent,
415 500 560 534 tamen
580 495 722 534 omnis
737 494 880 533 bonos
895 493 953 532 rei
970 492 1173 542 publicae
1188 493 1420 533 subvenire

64 556 259 595 decebat.
293 556 451 595 etenim
473 565 604 594 nemo
627 554 803 603 ignavia
825 552 1064 592 inmortalis
1084 552 1221 591 factus
1244 557 1319 599 est,
1346 563 1419 592 ne·
1433 557 1478 589 49

63 626 150 664 que
177 615 410 664 quisquam
438 624 594 663 parens
615 612 772 659 liberis,
798 613 858 651 uti
880 612 1043 652 aeterni
1064 611 1214 658 forent,
1242 612 1420 661 optavit,

64 674 204 724 magis
232 675 291 713 uti
318 674 423 713 boni
451 673 711 721 honestique
731 672 865 711 vitam
894 672 1128 721 exigerent.
1162 670 1284 720 plura
1305 671 1419 710 dice·
1435 676 1478 708 50

12 742 47 769 10
66 744 168 779 rem,
196 732 396 778 Quirites,
423 733 458 772 si
486 731 648 771 timidis
674 732 874 771 virtutem
901 731 1036 771 verba
1063 730 1289 776 adderent;
1317 741 1418 770 nam

64 793 249 832 strenuis
276 792 452 831 abunde
479 792 641 830 dictum
669 786 802 840 put0.'

125 851 317 891 Huiusce
344 851 463 891 modi
489 851 686 891 oratione
706 850 853 890 habita
874 850 1046 897 Marius,
1074 854 1308 899 postquam
1331 850 1488 899 ple-86

64 910 131 949 bis
152 912 323 951 animos
342 910 540 950 adrectos
555 910 686 955 videt,
707 920 890 958 propere
905 914 1165 956 commeatu,
1187 909 1421 958 stipendio,

64 971 194 1009 armis
216 970 400 1019 aliisque
421 970 597 1009 utilibus
618 970 742 1008 navis
765 973 926 1014 onerat,
947 980 1045 1008 cum
1061 969 1128 1008 his
1142 968 1191 1009 A.
1207 968 1418 1009 Manlium

11 1039 45 1065 15
64 1029 256 1079 legatum
290 1029 504 1078 proficisci
538 1028 667 1068 iubet.
707 1029 801 1077 ipse
834 1029 997 1067 interea
1030 1028 1187 1068 milites
1221 1029 1418 1075 scribere,
1445 1035 1466 1067 2'

63 1100 153 1128 non
181 1100 301 1128 more
328 1089 541 1128 maiorum
569 1099 712 1137 neque
735 1099 787 1127 ex
809 1087 1033 1134 classibus,
1061 1087 1137 1127 sed
1160 1088 1219 1126 uti
1242 1089 1419 1137 quoius-

64 1159 151 1197 que
177 1147 327 1187 lubido
356 1152 456 1194 erat,
483 1148 625 1196 capite
646 1158 801 1186 censos
824 1147 1068 1196 plerosque.
1101 1147 1144 1186 id
1165 1147 1324 1187 factum
1346 1147 1417 1188 alii
1445 1155 1466 1186 3

63 1208 214 1256 inopia
234 1207 463 1253 bonorum,
496 1207 567 1246 alii
590 1217 666 1255 per
685 1206 969 1246 ambitionem
993 1206 1184 1246 consulis
1206 1218 1418 1247 memora-

63 1266 180 1312 bant,
212 1266 331 1315 quod
365 1266 420 1306 ab
454 1277 507 1306 eo
535 1277 695 1316 genere
723 1265 963 1305 celebratus
991 1270 1234 1315 auctusque
1261 1272 1349 1306 erat
1376 1272 1418 1307 et

8 1334 44 1361 ρο
63 1325 230 1365 homini
258 1326 497 1374 potentiam
525 1326 747 1374 quaerenti
777 1326 1099 1374 egentissumus
1127 1326 1314 1375 quisque
1341 1337 1418 1376 op-

62 1385 426 1433 portunissumus,
454 1385 557 1434 quoi
580 1395 724 1433 neque
745 1396 824 1423 sua
846 1395 955 1431 cara,
977 1385 1142 1434 quippe
1163 1396 1276 1434 quae
1297 1385 1417 1425 nulla

62 1449 173 1490 sunt,
201 1448 243 1483 et
269 1445 417 1484 omnia
444 1455 541 1483 cum
571 1445 706 1492 pretio
735 1443 919 1483 honesta
945 1444 1157 1484 videntur.

120 1502 252 1553 Igitur
270 1503 430 1542 Marius
447 1514 544 1542 cum
561 1502 783 1551 aliquanto
800 1504 963 1543 maiore
979 1514 1173 1549 numero,
1195 1515 1326 1553 quam
1342 1504 1415 1544 de·
1441 1511 1462 1543 4

62 1567 224 1602 cretum
253 1567 352 1608 erat,
379 1563 421 1601 in
442 1561 629 1601 Africam
658 1562 873 1611 proiectus
896 1564 1046 1612 paucis
1068 1563 1223 1602 diebus
1244 1562 1413 1603 Uticam

7 1630 43 1657 25
62 1621 301 1661 advehitur.
336 1623 547 1661 exercitus
575 1623 612 1661 ei
636 1621 813 1660 traditur
833 1633 858 1661 a
878 1622 920 1662 P.
942 1622 1099 1662 Rutilio
1122 1622 1284 1672 legat0;
1312 1634 1413 1662 nam
1441 1630 1461 1661 5

62 1680 263 1720 Metellus
290 1685 573 1730 conspectum
598 1680 703 1720 Mari
731 1681 909 1731 fugerat,
936 1693 991 1721 ne
1017 1681 1182 1721 videret
1210 1693 1272 1727 ea,
1300 1693 1415 1731 quae

62 1740 210 1779 audita
237 1741 408 1779 animus
436 1740 617 1779 tolerare
643 1741 908 1789 nequiverat.
945 1741 1022 1780 sed
1051 1741 1203 1780 consul
1232 1742 1479 1790 expleti387

61 1798 309 1849 legionibus
343 1800 683 1848 cohortibusque
715 1799 949 1839 auxiliariis
982 1801 1024 1839 in
1053 1811 1203 1850 agrum
1231 1800 1411 1840 fertilem

63 1863 104 1897 et
119 1858 280 1907 praeda
295 1863 500 1898 onustum
518 1858 810 1907 proficiscitur,
826 1861 974 1899 omnia
989 1860 1046 1899 ibi
1063 1864 1189 1908 capta
1204 1860 1411 1900 militibus

6 1925 42 1952 30
62 1917 214 1963 donat;
235 1917 335 1957 dein
358 1917 535 1957 castella
557 1922 597 1957 et
619 1918 782 1967 oppida
803 1923 954 1958 natura
976 1924 1015 1958 et
1030 1919 1132 1958 viris
1153 1930 1303 1967 parum
1320 1931 1412 1959 mu-

60 1978 150 2015 nita
177 1977 434 2026 aggreditur,
468 1977 634 2026 proelia
661 1977 806 2023 multa,
834 1983 1022 2017 ceterum
1051 1978 1176 2024 levia,
1204 1978 1288 2017 alia
1315 1979 1410 2018 aliis

122 2057 137 2089 1
168 2062 228 2088 aut
259 2057 442 2089 VPBlsn
475 2068 504 2090 s.
531 2068 560 2090 s.
589 2058 657 2090 AT
689 2068 759 2090 om.
786 2059 864 2090 rell.
939 2059 959 2091 3
994 2060 1163 2097 periculis
1188 2059 1221 2091 V
1278 2069 1410 2099 meque

60 2100 354 2136 VPA²csslnm
381 2114 438 2137 me
464 2107 545 2137 rell.
644 2105 665 2137 6
692 2106 863 2137 omnibus
890 2107 997 2137 bonis
1023 2102 1155 2138 A¹Nm
1215 2108 1410 2140 subvenire

60 2153 148 2191 reip.
168 2152 200 2184 V
281 2152 299 2183 7
327 2152 482 2184 decebat
506 2148 758 2185 VPA2CBln
786 2153 892 2185 decet
917 2155 995 2186 rell.
1052 2163 1162 2186 nemo
1189 2155 1262 2193 ign.
1282 2150 1409 2187 VP¹A

59 2199 133 2238 ign.
154 2208 264 2232 nemo
286 2200 363 2231 rell.
413 2203 468 2232 est
487 2209 558 2232 om.
573 2200 687 2232 AYm
740 2200 781 2231 15
802 2202 882 2239 ipse
897 2224 904 2232 .
921 2224 929 2233 .
944 2224 953 2233 .
969 2202 1301 2240 opportunissimus
1317 2201 1408 2235 Gell.

60 2250 244 2285 16,10,16
335 2246 377 2278 16
416 2256 485 2279 nec
524 2247 613 2280 Gell.
713 2247 825 2279 libido
864 2249 1042 2287 cuiusque
1082 2248 1172 2281 Geli.
1259 2249 1302 2280 22
1331 2257 1406 2280 om-

0 2299 1 2302 ’
59 2294 120 2325 nia
142 2318 149 2325 .
166 2318 173 2325 .
189 2318 196 2326 .
217 2294 384 2325 videntur
411 2294 612 2326 Comment.
633 2295 766 2327 Lucan,
790 2299 837 2334 10,
853 2299 915 2327 407
987 2296 1028 2328 31
1064 2296 1159 2329 levia
1185 2295 1255 2327 alia
1282 2298 1407 2328 trans-

56 2342 187 2381 posuit
213 2341 434 2373 Ciccconius

1141 2400 1189 2425 (ῃ
