1593 2496
353 71 557 108 BELLUM
586 70 951 107 IUGURTHINUM
978 74 1118 106 65-68
1323 77 1404 117 107

56 184 204 233 pidum
221 195 432 224 novarum
448 194 599 229 rerum,
614 184 747 233 quieti
764 187 804 222 et
819 183 909 223 otio
921 183 1168 223 advorsum.
1190 183 1291 222 dein
1304 194 1407 224 con-

55 244 207 293 positis
234 244 342 283 inter
367 254 414 283 se
434 243 563 282 rebus
585 243 627 282 in
649 242 765 282 diem
786 243 955 281 tertium
979 243 1256 288 constituunt,
1284 243 1405 292 quod

56 304 89 342 is
123 303 255 343 festus
289 302 618 352 celebratusque
652 312 726 351 per
759 312 934 341 omnem
962 301 1150 341 Africam
1184 301 1335 341 ludum
1364 306 1407 342 et

57 362 277 402 lasciviam
306 363 445 412 magis
473 372 603 411 quam
632 361 906 401 formidinem
935 361 1193 401 ostentabat.
1226 361 1303 400 sed
1331 361 1407 402 ubi
1433 365 1453 397 3

12 432 29 457 5
55 427 226 471 tempus
253 421 341 467 fuit,
370 422 644 461 centuriones
672 421 957 470 tribunosque
984 420 1177 460 militaris
1199 425 1240 460 et
1261 421 1406 470 ipsum

55 480 316 530 praefectum
340 481 490 530 oppidi
506 480 551 520 T.
567 479 806 529 Turpilium
823 478 1019 519 Silanum
1041 479 1152 519 alius
1173 479 1306 519 alium
1330 480 1407 520 do-

54 551 149 580 mos
165 551 266 579 suas
282 541 475 580 invitant.
497 551 573 580 eos
590 541 732 579 omnis
748 544 917 588 praeter
930 539 1169 588 Turpilium
1183 540 1291 579 inter
1303 550 1405 589 epu-

55 599 116 638 las
144 599 412 645 obtruncant,
446 604 598 648 postea
626 598 782 638 milites
804 598 990 648 palantis
1012 599 1214 645 inermos,
1242 600 1406 648 quippe

54 659 94 697 in
116 659 189 698 tali
211 659 281 698 die
302 670 353 698 ac
373 660 466 698 sine
482 659 676 708 imperio,
697 658 1019 708 aggrediuntur.
1047 658 1162 697 idem
1179 658 1329 707 plebes
1345 658 1406 697 fa·
1432 662 1453 694 4

1 726 34 753 ιο
54 719 119 763 cit,
154 729 252 767 pars
286 718 427 758 edocti
460 719 515 758 ab
546 718 782 764 nobilitate,
816 717 886 757 alii
915 718 1059 757 studio
1087 717 1236 757 talium
1266 729 1405 757 rerum

54 778 228 823 incitati,
261 778 358 827 quis
392 782 486 816 acta
521 777 841 826 consiliumque
869 777 1168 826 ignorantibus
1196 776 1406 816 tumultus

54 837 147 886 ipse
170 841 210 876 et
232 848 296 876 res
319 848 462 876 novae
485 838 588 876 satis
605 836 846 886 placebant.
873 835 1057 876 Romani
1073 836 1242 882 milites,
1264 836 1471 886 inpro-G'I

53 897 148 936 viso
177 901 293 936 metu
322 897 469 936 incerti
497 897 734 946 ignarique,
763 895 867 945 quid
894 897 1184 944 potissumum
1206 895 1407 942 facerent,

53 955 277 1004 trepidare.
311 967 452 995 arcem
481 955 644 1004 oppidi,
672 955 744 995 ubi
773 956 898 1004 signa
925 959 966 995 et
987 960 1108 994 scuta
1129 959 1260 1001 erant,
1288 966 1408 1004 prae-

2 1023 34 1050 15
54 1015 212 1054 sidium
235 1015 425 1055 hostiurn
446 1010 752 1063 <obsidebat>;
775 1019 924 1063 portae
946 1020 1047 1054 ante
1069 1014 1244 1054 clausae
1258 1014 1407 1064 fugam

54 1074 360 1123 prohibebant;
387 1074 441 1113 ad
470 1074 553 1114 hoc
581 1073 782 1114 mulieres
810 1075 1021 1123 puerique
1048 1085 1124 1123 pro
1147 1075 1268 1113 tectis
1290 1074 1408 1114 aedi-

53 1133 247 1173 ficiorum
270 1144 373 1172 saxa
396 1138 437 1173 et
451 1134 547 1180 alia,
569 1145 682 1183 quae
697 1133 819 1173 locus
835 1133 1082 1183 praebebat,
1105 1134 1297 1173 certatim
1313 1134 1407 1172 mit-

52 1197 152 1232 tere.
186 1193 243 1232 ita
271 1204 414 1242 neque
443 1194 584 1233 caveri
611 1204 773 1242 anceps
802 1192 964 1232 malum
992 1204 1136 1242 neque
1162 1204 1187 1231 a
1214 1192 1406 1233 fortissu-
1433 1193 1455 1228 2

53 1253 134 1291 mis
161 1252 470 1292 infirmissumo
498 1253 645 1302 generi
673 1253 811 1291 resisti
840 1263 987 1301 posse:
1016 1253 1133 1291 iuxta
1160 1252 1264 1292 boni
1286 1252 1407 1292 mali-

0 1320 33 1347 20
54 1322 150 1360 que,
178 1312 339 1351 strenui
362 1316 402 1350 et
424 1311 606 1351 inbelles
632 1311 753 1350 inulti
775 1312 1030 1352 obtruncari.
1065 1312 1106 1350 in
1129 1322 1180 1351 ea
1200 1315 1319 1350 tanta
1340 1322 1407 1351 as·
1434 1314 1454 1346 3

54 1371 234 1419 peritate
261 1372 544 1410 saevissumis
566 1371 766 1410 Numidis
789 1375 829 1410 et
850 1371 1016 1420 oppido
1039 1371 1233 1420 undique
1255 1370 1405 1411 clauso

52 1429 269 1478 Turpilius
303 1430 545 1478 praefectus
578 1442 691 1470 unus
727 1442 778 1469 ex
806 1430 1010 1469 omnibus
1037 1429 1192 1469 Italicis
1220 1430 1406 1470 intactus

53 1489 251 1538 profugit.
281 1489 322 1528 id
345 1489 697 1529 misericordiane
719 1490 901 1538 hospitis
922 1500 976 1528 an
997 1491 1197 1538 pactione
1212 1495 1286 1529 aut
1301 1500 1407 1529 casu

53 1549 110 1587 ita
138 1549 339 1594 evenerit,
368 1560 518 1597 parum
546 1549 850 1598 comperimus,
877 1549 971 1595 nisi,
999 1550 1101 1598 quia
1128 1549 1186 1588 illi
1214 1549 1256 1587 in
1284 1553 1404 1588 tanto

0 1616 32 1643 25
51 1607 167 1647 malo
195 1608 329 1657 turpis
350 1608 439 1646 vita
467 1609 631 1658 integra
652 1608 767 1647 fama
788 1609 930 1657 potior
950 1608 1038 1654 fuit,
1066 1608 1275 1657 inprobus
1297 1609 1401 1647 inte-

51 1666 305 1716 stabilisque
330 1667 511 1706 videtur.

111 1726 309 1766 Metellus
343 1731 577 1776 postquam
612 1727 666 1766 de
701 1727 826 1766 rebus
855 1726 1006 1775 Vagae
1038 1728 1144 1766 actis
1179 1726 1467 1775 comperit,68

52 1785 271 1834 paulisper
296 1790 488 1825 maestus
517 1797 569 1825 ex
596 1791 832 1835 conspectu
860 1786 959 1825 abit.
995 1785 1155 1825 deinde
1183 1785 1255 1825 ubi
1280 1786 1341 1824 ira
1363 1790 1405 1825 et

51 1845 277 1893 aegritudo
312 1846 523 1894 permixta
550 1850 661 1891 sunt,
694 1856 791 1884 cum
819 1856 1024 1884 maxuma
1052 1856 1153 1884 cura
1179 1844 1317 1884 ultum
1344 1846 1405 1884 ire

0 1911 32 1939 30
52 1903 228 1943 iniurias
249 1904 431 1944 festinat.
465 1904 697 1954 legionem,
725 1915 822 1943 cum
845 1915 931 1953 qua
952 1904 1183 1950 hiemabat,
1208 1908 1249 1943 et
1271 1915 1404 1953 quam
1429 1904 1453 1940 2

52 1961 275 2010 plurumos
310 1968 453 2012 potest
478 1963 691 2002 Numidas
724 1965 891 2013 equites
926 1964 1081 2012 pariter
1114 1974 1211 2002 cum
1243 1974 1404 2003 occasu

51 2021 156 2061 solis
184 2022 410 2070 expeditos
438 2022 582 2062 educit
609 2028 650 2062 et
677 2027 850 2071 postera
877 2023 947 2061 die
968 2023 1131 2062 circiter
1151 2023 1257 2062 hora
1280 2023 1404 2061 tertia

53 2082 247 2128 pervenit
268 2081 309 2119 in
333 2082 554 2130 quandam
576 2082 800 2131 planitiem
823 2081 929 2121 locis
952 2081 1083 2130 paulo
1106 2082 1403 2131 superioribus

52 2140 401 2180 circumventam.
435 2141 494 2180 ibi
515 2141 672 2180 milites
693 2141 833 2181 fessos
855 2141 1016 2180 itineris
1037 2140 1337 2190 magnitudine
1359 2144 1401 2180 et
1428 2144 1450 2177 3

110 2232 131 2264 8
163 2234 322 2265 inermos
354 2229 696 2266 PAC²BNKDlm
730 2235 887 2266 inermes
921 2234 1001 2266 rell.
1100 2234 1121 2266 9
1155 2234 1283 2273 plebes
1310 2233 1402 2265 Xsn

52 2280 156 2318 plebs
176 2280 267 2312 Ylm
320 2281 364 2312 14
383 2289 501 2313 arcem
522 2281 673 2314 Dietsclz
690 2282 736 2313 ad
750 2290 869 2313 arcem
888 2278 1012 2321 P(-D)
1026 2290 1109 2314 arce
1124 2283 1202 2314 rell.
1256 2281 1297 2313 15
1312 2282 1404 2315 add.

50 2326 200 2360 Dietsch
252 2327 339 2367 fuga
363 2328 391 2359 P
408 2324 459 2359 Α1
532 2329 576 2361 23
604 2332 665 2360 aut
690 2338 777 2361 casu
803 2328 951 2360 Xlen
979 2337 1026 2361 an
1053 2338 1081 2361 c.
1105 2330 1183 2361 rell.

1143 2387 1187 2419 8*
