1593 2496
407 69 612 106 BELLUM
641 68 1006 106 IUGURTHINUM
1038 71 1174 103 17—19
1409 71 1466 111 69

115 184 283 234 positus
304 194 356 222 ex
378 182 506 221 variis
526 181 743 231 gentibus,
762 181 927 220 amisso
950 179 1060 219 duce
1076 191 1126 219 ac
1141 180 1305 229 passim
1321 178 1465 218 multis

114 243 196 283 sibi
235 242 420 292 quisque
452 241 681 290 imperium
717 239 964 289 petentibus
998 239 1118 279 brevi
1151 238 1368 278 dilabitur.
1412 249 1464 278 ex
1492 242 1512 272 4

115 313 169 343 eo
196 312 376 342 numero
397 300 527 346 Medi,
553 300 709 340 Persae
730 304 771 339 et
791 298 984 338 Armenii
1005 298 1191 338 navibus
1213 298 1255 337 in
1276 297 1463 337 Africam

115 361 344 401 transvecti
372 371 609 409 proxumos
635 363 783 400 nostro
804 358 911 397 mari
933 357 1054 398 locos
1075 367 1360 406 occupavere,
1387 356 1464 396 sed
1493 360 1512 390 5

71 429 89 455 5
115 421 270 461 Persae
302 420 411 459 intra
438 417 663 459 Oceanum
691 418 844 467 magis,
876 418 994 467 iique
1020 417 1171 457 alveos
1199 417 1378 455 navium
1405 416 1466 455 in-

114 490 268 520 vorsos
291 490 366 528 pro
390 479 569 529 tuguriis
590 478 794 523 habuere,
815 477 919 526 quia
938 487 1083 526 neque
1098 477 1278 515 materia
1293 476 1336 514 in
1351 476 1466 524 agris

115 550 258 589 neque
279 538 334 578 ab
349 537 556 588 Hispanis
578 536 756 579 emundi
777 541 851 576 aut
865 536 1062 576 mutandi
1077 536 1205 585 copia
1220 539 1326 575 erat:
1348 545 1466 574 mare
1494 537 1513 567 6

115 609 323 649 magnum
357 603 398 638 et
430 598 580 647 ignara
612 596 761 646 lingua
794 596 1055 636 commercio
1090 594 1392 644 prohibebant.
1437 594 1465 633 ii
1493 596 1513 626 7

117 657 323 707 paulatim
345 668 420 706 per
440 656 630 696 conubia
650 655 860 696 Gaetulos
882 666 1031 694 secum
1052 655 1265 694 miscuere
1287 658 1339 699 et,
1363 653 1466 702 quia

64 724 97 751 10
117 728 251 766 saepe
272 721 533 766 temptantes
554 726 682 766 agros
704 715 800 761 alia,
822 714 982 754 deinde
1002 713 1087 753 alia
1102 714 1199 754 loca
1214 714 1466 762 petiverant,

116 781 254 816 semet
280 777 361 825 ipsi
388 775 613 815 Nomadas
640 774 930 824 appellavere.
969 777 1158 813 ceterum
1185 773 1330 812 adhuc
1350 771 1466 811 aedi·
1493 774 1514 804 8

115 835 214 875 ficia
239 835 524 874 Numidarum
557 835 805 884 agrestium,
838 844 951 882 quae
984 832 1174 882 mapalia
1207 832 1266 871 illi
1294 836 1466 876 vocant,

114 895 322 945 oblonga,
349 895 536 933 incurvis
564 894 781 939 lateribus,
807 897 920 932 tecta
946 893 1071 942 quasi
1093 892 1272 931 navium
1295 892 1466 930 carinae

116 959 226 994 sunt.
253 953 392 993 Medis
412 958 558 993 autem
581 958 621 993 et
635 952 852 992 Armeniis
872 952 1101 991 adcessere
1116 951 1272 1001 Libyes
1293 971 1348 976 —
1363 961 1466 989 nam
1495 956 1514 983 ε’

62 1021 96 1047 15
116 1014 144 1052 ii
181 1014 358 1063 propius
395 1024 512 1052 mare
546 1012 737 1052 Africum
773 1011 1009 1061 agitabant,
1047 1010 1218 1050 Gaetuli
1254 1010 1336 1049 sub
1373 1009 1466 1049 sole

114 1074 266 1123 magis,
288 1072 404 1111 haud
421 1072 571 1121 procul
586 1072 641 1111 ab
658 1071 884 1111 ardoribus
899 1091 966 1116 -,
988 1071 1105 1120 iique
1120 1074 1287 1109 mature
1302 1069 1467 1118 oppida

114 1132 323 1177 habuere;
350 1142 451 1171 nam
479 1131 586 1171 freto
613 1131 742 1170 divisi
769 1130 824 1170 ab
846 1129 1058 1179 Hispania
1084 1134 1251 1169 mutare
1270 1140 1337 1168 res
1359 1130 1468 1168 inter

114 1203 162 1231 se
177 1192 459 1231 instituerant.
485 1202 647 1230 nomen
664 1201 813 1230 eorum
829 1189 1037 1239 paulatim
1053 1189 1211 1239 Libyes
1226 1199 1467 1237 corrupere,
1482 1190 1526 1221 to

113 1251 297 1291 barbara
322 1250 471 1299 lingua
497 1250 673 1290 Mauros
701 1260 778 1298 pro
802 1248 943 1288 Medis
970 1248 1256 1298 appellantes.
1295 1247 1372 1287 sed
1399 1258 1466 1287 res
1485 1257 1522 1287 11

60 1316 95 1344 3]
114 1310 339 1350 Persarum
373 1310 492 1349 brevi
526 1309 729 1354 adolevit,
763 1319 812 1347 ac
846 1312 1000 1357 postea
1032 1308 1211 1348 nomine
1238 1307 1467 1352 Numidae,

115 1373 289 1419 propter
321 1368 642 1408 multitudinem
670 1379 695 1407 a
723 1367 972 1417 parentibus
1000 1367 1195 1417 digressi,
1228 1366 1466 1416 possedere

115 1439 168 1468 ea
195 1428 302 1473 loca,
336 1439 450 1478 quae
477 1438 689 1477 proxuma
716 1423 1056 1476 Carthagine[m]
1085 1425 1292 1465 Numidia
1318 1425 1466 1474 appel-

115 1488 235 1528 latur.
280 1487 440 1527 deinde
472 1488 640 1536 utrique
674 1487 816 1526 alteris
848 1486 940 1525 freti
973 1486 1197 1525 finitumos
1231 1486 1359 1524 armis
1393 1489 1526 1524 aut12

115 1552 234 1587 metu
261 1547 342 1586 sub
370 1547 598 1595 imperium
626 1557 753 1586 suom
781 1556 977 1595 coegere,
1004 1556 1167 1585 nomen
1195 1544 1467 1594 gloriamque

63 1614 99 1641 25
119 1607 200 1646 sibi
229 1606 448 1651 addidere,
475 1606 614 1655 magis
641 1606 681 1651 ii,
707 1606 781 1655 qui
808 1605 864 1644 ad
891 1609 1086 1644 nostrum
1108 1615 1226 1643 mare
1247 1614 1469 1653 processe-

115 1670 220 1712 rant,
243 1666 347 1715 quia
362 1665 518 1715 Libyes
540 1676 672 1714 quam
689 1664 860 1704 Gaetuli
882 1665 1025 1703 minus
1041 1663 1250 1703 bellicosi.
1277 1663 1467 1712 denique

115 1724 285 1765 Africae
312 1735 409 1774 pars
437 1724 610 1764 inferior
636 1723 842 1773 pleraque
864 1723 918 1762 ab
940 1722 1141 1762 Numidis
1163 1733 1371 1772 possessa
1392 1727 1468 1767 est,

115 1785 216 1824 victi
256 1795 410 1824 omnes
449 1785 491 1823 in
529 1787 703 1833 gentem
739 1793 990 1832 nomenque
1026 1782 1330 1831 imperantium
1368 1792 1469 1821 con-

117 1854 298 1883 cessere.
320 1851 475 1892 postea
485 1843 740 1888 Phoenices,
755 1841 826 1881 alii
842 1841 1128 1881 multitudinis
1141 1841 1261 1880 domi
1274 1841 1471 1880 minuen-
1487 1841 1538 1878 19

62 1910 98 1937 30
117 1902 202 1942 dae
228 1903 375 1953 gratia,
397 1913 494 1951 pars
515 1902 667 1951 imperi
689 1901 892 1951 cupidine
913 1901 1142 1940 sollicitata
1162 1900 1291 1950 plebe
1313 1904 1354 1939 et
1374 1899 1469 1939 aliis

176 2042 198 2074 8
218 2044 437 2075 commercio
465 2042 574 2074 PAN
596 2042 815 2074 commercia
835 2042 913 2073 rell.
982 2041 1003 2072 9
1023 2049 1148 2073 secum
1163 2040 1292 2073 om.Pl
1345 2040 1384 2071 11
1403 2048 1468 2071 no-

117 2090 244 2122 madas
270 2085 416 2121 P¹A¹m
437 2090 616 2122 numadas
637 2090 646 2119 l
669 2089 849 2120 mumidas
870 2089 946 2120 rell.
1025 2088 1066 2120 12
1089 2088 1247 2127 mapalia
1267 2087 1367 2120 Serv.
1381 2087 1469 2119 Aen.

116 2141 219 2175 1,421
321 2137 363 2169 13
389 2140 485 2169 tecta
510 2131 852 2168 A²CBNT²1snm
879 2140 975 2168 tecto
1004 2136 1080 2167 rell.
1175 2135 1217 2166 15
1245 2136 1395 2174 propius
1416 2158 1424 2166 .
1440 2158 1468 2166 ..

116 2185 306 2225 agitabant
331 2185 437 2217 Aras.
457 2193 614 2224 gramm.
633 2183 691 2216 VH
707 2187 779 2222 501,
796 2188 831 2215 11
935 2182 976 2214 17
1004 2186 1141 2215 mutare
1161 2206 1169 2214 .
1185 2206 1193 2215 .
1210 2206 1217 2215 .
1238 2183 1469 2214 instituerant

116 2231 324 2265 Comment.
340 2232 476 2264 Lucan.
493 2236 520 2269 7,
535 2235 596 2263 263
646 2231 690 2263 22
706 2239 884 2269 proxuma
900 2254 907 2262 .
923 2253 931 2262 .
946 2253 955 2262 .
971 2230 1175 2269 appellatur
1187 2231 1294 2262 Aras.
1309 2239 1465 2269 yramm.

121 2279 179 2311 Vll
195 2283 266 2317 498,
282 2283 323 2311 17
378 2288 554 2318 proxuma
579 2279 686 2311 Aras.
708 2286 884 2317 proxume
910 2279 1017 2309 codd.
1037 2278 1202 2317 forfasse
1229 2280 1326 2309 recte
1383 2276 1466 2307 Car·

117 2327 267 2365 thagine
295 2327 400 2358 Aras.
425 2325 678 2361 Carthaginem
707 2326 814 2356 eadsi.
