1593 2496
377 55 583 91 BELLUM
611 53 975 91 IUGURTfflNUM
1004 56 1143 88 68-72
1348 58 1430 98 109

79 173 352 219 peraverant;
380 179 431 208 ex
459 178 547 216 quo
575 166 633 206 illi
660 166 797 216 gloria
825 176 1022 214 opesque
1049 166 1264 204 inventae.
1304 165 1431 214 igitur
1458 169 1478 201 3

78 229 303 278 utriusque
330 226 512 267 consilio
541 226 634 266 dies
662 225 829 264 insidiis
856 225 1069 270 statuitur;
1098 228 1250 269 cetera,
1278 225 1337 263 uti
1364 235 1431 263 res

80 291 288 337 posceret,
315 298 368 326 ex
395 291 591 335 tempore
618 285 755 335 parari
784 284 955 333 placuit.
988 282 1212 323 Nabdalsa
1238 282 1291 321 ad
1314 294 1432 322 exer·
1459 291 1478 320 4

80 348 210 386 citum
233 346 462 396 profectus,
486 356 617 394 quem
640 345 748 384 inter
768 343 948 383 hiberna
969 342 1264 383 Romanorum
1286 343 1431 381 iussus

30 415 48 442 5
79 406 280 452 habebat,
301 416 356 445 ne
375 416 478 454 ager
492 404 638 443 inultis
654 403 852 443 hostibus
866 406 1118 442 vastaretur.
1145 403 1181 441 is
1197 405 1431 451 postquam
1459 410 1479 439 5

79 465 381 515 magnitudine
414 464 614 503 facinoris
648 462 870 512 perculsus
903 462 958 501 ad
992 466 1164 511 tempus
1196 472 1285 500 non
1313 461 1432 500 venit

79 529 310 574 metusque
338 535 426 564 rem
454 523 732 572 impediebat,
759 521 985 568 Bomilcar,
1013 521 1140 560 simul
1166 520 1350 570 cupidus
1371 521 1432 559 in-

79 588 205 633 cepta
233 583 430 634 patrandi
458 587 499 622 et
525 583 678 622 timore
705 582 796 621 soci
823 582 989 627 anxius,
1017 591 1073 620 ne
1099 581 1264 620 omisso
1285 584 1432 619 vetere

79 643 263 683 consilio
291 654 454 682 novom
483 646 719 691 quaereret,
745 640 905 680 litteras
933 640 987 679 ad
1013 651 1113 679 eum
1135 650 1210 689 per
1230 639 1432 679 homines

26 711 60 738 10
79 702 220 742 fidelis
248 703 386 748 mittit,
414 703 456 740 in
485 702 581 750 quis
603 700 829 740 mollitiam
851 699 1188 749 socordiamque
1209 699 1287 738 viri
1308 709 1432 737 accu-

80 773 186 808 sare,
213 763 359 801 testari
380 761 500 807 deos,
528 772 603 810 per
623 771 734 809 quos
756 760 995 805 iuravisset,
1021 769 1212 805 monere,
1236 769 1291 798 ne
1312 768 1432 807 prae-

79 822 166 860 mia
193 821 355 861 Metelli
390 821 431 859 in
467 825 633 870 pestem
668 823 954 859 convorteret:
989 817 1219 868 Iugurthae
1253 818 1430 857 exitium

79 880 248 926 adesse,
270 885 458 919 ceterum
481 891 618 919 suane
633 890 688 918 an
704 878 865 918 Metelli
879 879 1035 917 virtute
1051 878 1216 927 periret,
1238 876 1280 916 id
1296 876 1430 917 modo

79 940 248 990 agitari;
283 939 465 989 proinde
492 943 708 988 reputaret
735 949 832 977 curn
860 939 1007 977 animo
1036 948 1129 983 suo,
1157 937 1348 986 praemia
1375 947 1430 975 an

26 1008 60 1034 15
80 1000 313 1038 cruciatum
329 998 487 1038 mallet.
509 998 585 1037 sed
597 1009 730 1047 quom
741 997 993 1037 eaelitterae
1002 996 1186 1042 adlatae,
1201 996 1308 1035 forte
1317 994 1490 1035 Nab-7l

80 1058 203 1097 dalsa
224 1059 411 1098 exercito
435 1069 616 1106 corpore
637 1057 776 1096 fessus
792 1058 834 1095 in
857 1056 967 1096 lecto
984 1055 1249 1105 quiescebat,
1270 1054 1343 1094 ubi
1362 1065 1431 1094 co-

79 1118 209 1167 gnitis
230 1117 482 1157 Bomilcaris
503 1117 647 1156 verbis
669 1117 806 1166 primo
829 1127 941 1161 cura,
972 1115 1144 1161 demde,
1171 1116 1230 1154 uti
1252 1125 1429 1164 aegrum
1458 1115 1477 1146 2

79 1177 274 1216 animum
296 1176 417 1222 solet,
439 1187 620 1216 somnus
643 1176 766 1225 cepit.
795 1179 883 1214 erat
905 1176 943 1213 ei
958 1174 1150 1214 Numida
1164 1174 1342 1224 quidam
1358 1184 1431 1212 ne·
1458 1174 1478 1205 3

79 1237 296 1286 gotiorum
327 1240 506 1281 curator,
538 1235 651 1274 fidus
678 1239 972 1284 acceptusque
998 1239 1040 1274 et
1067 1234 1262 1274 omnium
1292 1233 1427 1272 consi-

24 1304 60 1331 20
79 1295 234 1335 liorum
262 1297 343 1334 nisi
371 1295 613 1334 novissumi
642 1295 867 1343 particeps.
901 1294 971 1343 qui
1002 1297 1234 1342 postquam
1263 1292 1430 1331 adlatas
1457 1293 1478 1324 4

79 1354 239 1394 litteras
273 1354 439 1393 audivit
472 1359 512 1393 et
545 1365 597 1393 ex
625 1353 941 1393 consuetudine
968 1357 1084 1391 ratus
1111 1363 1244 1401 opera
1270 1356 1343 1391 aut
1370 1352 1431 1401 in-

78 1414 210 1463 genio
232 1425 312 1453 suo
336 1425 447 1462 opus
471 1424 566 1452 esse
588 1413 630 1451 in
654 1412 980 1452 tabernaculum
1003 1413 1174 1458 introiit,
1189 1411 1431 1451 dormiente

79 1473 152 1513 illo
175 1472 406 1522 epistulam
429 1484 557 1521 super
579 1477 707 1521 caput
728 1473 769 1511 in
786 1471 965 1521 pulvino
982 1475 1144 1510 temere
1159 1471 1346 1520 positam
1362 1482 1430 1510 su-

79 1534 156 1571 mit
181 1543 232 1571 ae
260 1531 453 1581 perlegit,
481 1531 581 1571 dein
609 1542 790 1581 propere
813 1531 997 1580 cognitis
1018 1530 1186 1569 insidiis
1207 1530 1262 1569 ad
1284 1541 1430 1579 regem

24 1600 60 1627 25
80 1592 230 1641 pergit.
263 1590 488 1630 Nabdalsa
515 1590 645 1640 paulo
668 1595 767 1640 post
789 1594 1062 1640 experrectus
1083 1590 1157 1629 ubi
1178 1600 1321 1638 neque
1343 1590 1431 1638 epi·
1453 1591 1477 1620 ὅ

80 1650 237 1690 stulam
265 1652 452 1700 repperit
480 1655 520 1689 et
546 1661 634 1689 rem
660 1661 849 1695 omnem,
876 1650 936 1688 uti
958 1654 1053 1688 acta
1075 1654 1174 1694 erat,
1203 1645 1270 1697 [ex
1293 1648 1431 1697 perfu-

79 1706 161 1760 gis]
179 1711 398 1759 cognovit,
414 1710 552 1759 primo
568 1709 755 1749 indicem
772 1709 973 1758 persequi
986 1713 1180 1754 conatus,
1196 1713 1429 1757 postquam

78 1768 122 1808 id
150 1769 303 1808 frustra
329 1769 417 1815 fuit,
444 1768 692 1818 Iugurtham
721 1767 921 1818 placandi
943 1769 1079 1817 gratia
1100 1767 1290 1812 adcedit;
1318 1767 1430 1812 dicit,

79 1839 193 1877 quae
226 1828 320 1877 ipse
354 1829 593 1877 paravisset
626 1827 776 1874 faeere,
810 1827 991 1877 perfidia
1024 1826 1190 1866 clientis
1218 1828 1283 1865 sui
1311 1837 1431 1875 prae-

24 1895 60 1922 3ο
78 1891 227 1933 venta;
261 1887 504 1926 lacrumans
533 1887 771 1927 obtestatur
797 1898 871 1936 per
898 1887 1133 1925 amicitiam
1162 1896 1324 1935 perque
1351 1896 1430 1924 sua

79 1950 207 1985 antea
228 1946 411 1986 fideliter
431 1951 537 1992 acta,
559 1957 614 1985 ne
636 1957 764 1995 super
783 1945 856 1985 tali
878 1945 1040 1985 scelere
1061 1950 1309 1994 suspectum
1332 1955 1431 1984 sese

79 2005 268 2045 haberet.
304 2005 358 2045 ad
387 2017 438 2045 ea
466 2017 549 2051 rex,
576 2005 698 2045 aliter
723 2009 853 2055 atque
874 2005 1021 2044 animo
1044 2005 1233 2054 gerebat,
1261 2003 1430 2053 placide

79 2064 314 2113 respondit.
342 2064 582 2104 Bomilcare
598 2065 782 2114 aliisque
797 2063 954 2110 multis,
970 2075 1081 2113 quos
1096 2065 1241 2104 socios
1256 2062 1494 2102 insidia-72

139 2169 159 2200 5
186 2170 322 2201 inultus
347 2166 425 2200 ΚΓ
495 2169 514 2201 7
542 2170 777 2208 cupidinibus
802 2164 976 2201 NK2’Pm
1053 2169 1095 2200 15
1121 2167 1309 2200 Nabdalsa
1329 2177 1429 2200 exer-

79 2217 152 2248 cito
179 2224 332 2255 corpore
359 2216 453 2248 Non.
471 2226 509 2257 ρ.
531 2221 558 2255 6,
575 2221 604 2249 1.
629 2221 702 2255 295,
716 2221 735 2248 5
838 2217 879 2248 17
907 2218 957 2247 uti
979 2241 986 2247 .
1003 2241 1011 2248 .
1028 2241 1035 2248 .
1056 2217 1154 2255 cepit
1181 2214 1313 2248 Claud.
1333 2215 1429 2247 Don.

79 2263 166 2295 Aen.
187 2267 217 2302 6,
230 2267 293 2295 520
367 2265 527 2295 animum
564 2273 712 2303 aegrum
740 2264 873 2297 Claud.
894 2264 988 2295 Don.
1087 2263 1131 2296 23
1159 2263 1351 2302 epistulam
1374 2287 1381 2294 .
1397 2286 1405 2293 .
1421 2287 1428 2293 .

80 2311 190 2342 sumit
219 2311 314 2342 Non.
333 2320 370 2350 p.
391 2314 494 2349 3963!
593 2311 638 2343 26
672 2313 730 2344 del
763 2310 869 2343 Kritz
901 2320 946 2342 ex
978 2311 1092 2343 servis
1124 2305 1175 2342 Α1
1201 2313 1371 2349 expertus
1396 2308 1428 2340 N
