1593 2496
383 53 656 90 CATILINAE
684 51 1000 90 conRATlo
1032 57 1169 89 16—19
1401 60 1452 98 15

98 167 164 207 vel
187 166 371 207 molliter
390 167 538 206 vivere
559 166 686 215 copia
708 170 813 210 erat;
841 166 1001 205 incerta
1022 176 1099 214 pro
1121 166 1257 210 certis,
1283 165 1445 205 bellum

97 238 229 277 quam
263 237 416 276 pacem
451 225 682 264 malebant.
722 225 840 264 fuere
875 225 977 264 item
1005 235 1058 264 ea
1084 228 1345 273 tempestate
1371 226 1444 274 qui
1474 232 1493 264 7

97 285 318 326 crederent
345 285 399 325 M.
421 284 632 323 Licinium
655 283 858 324 Crassum
886 295 975 324 non
1002 284 1201 334 ignarum
1229 284 1323 323 eius
1347 295 1447 323 con-

93 345 160 386 sili
193 345 346 385 fuisse:
381 345 483 394 quia
517 343 590 383 Cn.
612 343 867 392 Pompeius,
901 344 1067 383 invisus
1101 343 1204 392 ipsi,
1238 354 1446 393 magnum

56 414 75 442 5
94 404 328 445 exercitum
350 403 566 449 ductabat,
589 403 817 453 quoiusvis
835 413 943 452 opes
957 402 1153 442 voluisse
1169 402 1445 442 contraimus

93 464 333 514 potentiam
367 473 576 508 crescere,
611 462 739 501 simul
775 462 1002 507 confisum,
1036 463 1070 501 si
1105 463 1346 502 coniuratio
1373 473 1446 501 va-

93 522 255 569 luisset,
282 522 407 563 facile
433 522 550 571 apud
579 521 676 561 illos
705 522 942 570 principem
971 532 1018 561 se
1046 521 1147 561 iore.

152 581 239 622 Sed
278 587 406 622 antea
445 582 546 621 item
587 582 869 621 coniuravere
903 582 1029 630 pauci
1065 585 1213 621 contra
1245 592 1334 621 rem
1370 584 1512 630 pu-18

93 641 262 688 blicam,
284 642 326 680 in
348 641 507 690 quibus
530 640 713 680 Catilina
734 640 822 680 fuit.
863 640 919 680 de
940 651 1026 690 qua
1048 651 1180 690 quam
1202 641 1445 680 verissume
1474 654 1495 685 2

38 711 72 740 ιο
93 706 244 750 potero
285 701 438 740 dicam.
491 700 532 739 L.
562 699 689 740 Tullo
732 704 771 739 et
812 699 878 740 Μ’.
901 699 1067 749 Lepido
1109 699 1364 739 consulibus
1404 699 1446 739 P.

91 760 328 800 Autronius
365 765 405 799 et
439 760 480 799 P.
509 759 629 798 Sulla
662 760 879 809 designati
914 759 1118 799 consules
1153 759 1324 809 legibus
1358 770 1447 798 arn-

93 820 206 859 bitus
240 820 486 868 interrogati
515 830 682 868 poenas
710 819 932 858 dederant.
973 823 1072 868 post
1100 817 1232 867 paulo
1262 817 1447 858 Catilina
1474 827 1494 859 3

92 880 375 928 pecuniarum
396 878 734 927 repetundarum
756 889 854 917 reus
875 878 1120 927 prohibitus
1142 883 1230 917 erat
1247 877 1447 917 consula-

91 944 182 977 tum
217 943 374 987 petere,
408 937 527 987 quod
556 938 664 976 intra
690 937 926 987 legitumos
954 937 1047 977 dies
1076 937 1265 986 profiteri
1293 938 1445 986 nequi-

38 1008 72 1036 25
91 1002 220 1037 verat.
255 1002 344 1037 erat
366 996 523 1037 eodem
546 1002 742 1046 tempore
765 996 838 1036 Cn.
855 997 966 1041 Piso,
988 996 1249 1036 adulescens
1273 996 1444 1042 nobilis,
1473 1005 1493 1036 4

91 1067 291 1096 summae
325 1056 554 1102 audaciae,
588 1067 742 1106 egens,
776 1056 996 1102 factiosus,
1030 1067 1161 1105 quern
1196 1056 1250 1094 ad
1284 1060 1446 1104 pertur-

92 1116 282 1156 bandam
310 1127 399 1155 rem
428 1115 647 1165 publicam
675 1116 824 1164 inopia
851 1119 983 1165 atque
1005 1115 1108 1154 mali
1130 1127 1273 1155 mores
1297 1116 1445 1155 stimu-

90 1175 249 1215 labant.
296 1186 394 1214 cum
430 1175 512 1214 hoc
546 1174 730 1214 Catilina
765 1179 805 1214 et
832 1175 1070 1215 Autronius
1103 1175 1266 1214 circiter
1292 1174 1444 1215 Nonas
1472 1185 1492 1215 5

89 1234 343 1274 Decembris
371 1234 552 1274 consilio
581 1235 903 1274 communicato
927 1234 1137 1283 parabant
1158 1235 1200 1273 in
1224 1233 1438 1282 Capitolio

35 1306 72 1334 20
92 1293 300 1333 Kalendis
327 1291 537 1332 Ianuariis
565 1293 606 1333 L.
625 1293 794 1333 Cottam
823 1298 863 1333 et
891 1294 933 1333 L.
949 1293 1215 1343 Torquatum
1239 1293 1443 1332 consules

91 1353 341 1398 interficere,
367 1353 448 1401 ipsi
469 1352 660 1391 fascibus
681 1353 886 1401 correptis
908 1352 1112 1393 Pisonem
1134 1364 1232 1391 curn
1256 1354 1443 1392 exercitu

91 1412 146 1451 ad
180 1412 442 1461 optinendas
476 1412 585 1450 duas
613 1412 848 1461 Hispanias
884 1413 1061 1452 mittere.
1103 1423 1154 1451 ea
1188 1423 1231 1451 re
1268 1413 1443 1462 cognita
1470 1427 1491 1458 6

91 1482 236 1511 rursus
270 1472 313 1510 in
346 1471 496 1510 Nonas
527 1471 779 1510 Februarias
815 1471 1044 1511 consilium
1080 1471 1227 1511 caedis
1261 1476 1444 1511 transtu-

92 1530 238 1570 lerant.
277 1532 363 1570 iam
399 1534 490 1569 tum
524 1542 612 1570 non
647 1530 900 1570 consulibus
935 1531 1083 1576 modo,
1116 1531 1193 1570 sed
1223 1531 1441 1580 plerisque
1471 1546 1489 1577 7

36 1602 72 1632 25
91 1590 366 1629 senatoribus
388 1590 623 1638 perniciem
645 1590 1016 1630 machinabantur.
1050 1590 1169 1639 quod
1191 1591 1234 1628 ni
1258 1589 1442 1630 Catilina
1469 1605 1490 1637 8

91 1654 348 1689 maturasset
383 1660 459 1697 pro
494 1650 611 1688 curia
644 1650 817 1699 signum
851 1650 980 1689 sociis
1015 1650 1128 1695 dare,
1163 1661 1216 1689 eo
1245 1649 1316 1689 die
1343 1654 1442 1698 post

91 1708 312 1748 conditam
345 1708 496 1747 urbem
524 1707 705 1748 Romam
741 1720 996 1757 pessumum
1033 1709 1198 1748 facinus
1228 1714 1440 1757 patratum

91 1767 211 1807 foret.
252 1768 354 1817 quia
381 1767 577 1807 nondum
606 1768 852 1817 frequentes
879 1769 1029 1807 armati
1056 1772 1361 1814 convenerant,
1390 1779 1441 1807 ea

92 1838 159 1867 res
187 1827 416 1866 consilium
445 1826 625 1866 diremit.
665 1833 818 1876 postea
838 1827 937 1866 Piso
960 1828 1001 1866 in
1025 1828 1264 1866 citeriorem
1286 1827 1507 1876 Hispa-19

38 1898 74 1926 30
95 1886 211 1925 niam
233 1890 438 1935 quaestor
458 1897 534 1935 pro
558 1892 754 1934 praetore
774 1888 934 1926 missus
956 1892 1020 1926 est
1034 1887 1257 1926 adnitente
1273 1886 1440 1932 Crasso,

94 1945 213 1994 quod
241 1956 340 1984 eum
367 1944 571 1984 infestum
594 1946 816 1985 inimicum
839 1945 913 1986 Cn.
929 1946 1140 1995 Pompeio
1162 1951 1440 1996 cognoverat.

94 2015 238 2054 neque
252 2008 397 2044 tamen
413 2008 591 2043 senatus
607 2006 876 2054 provinciam
892 2006 1051 2044 invitus
1068 2005 1258 2050 dederat,
1276 2007 1441 2054 quippe
1468 2019 1489 2052 2

152 2085 173 2117 6
200 2086 305 2117 simul
322 2111 329 2117 .
346 2111 353 2117 .
369 2110 376 2117 .
392 2086 468 2117 fore
496 2088 530 2118 ιή
559 2096 630 2125 ηις).
651 2086 679 2118 Β
761 2086 782 2118 8
809 2087 874 2119 sed
890 2111 898 2119 .
914 2112 921 2119 .
939 2112 944 2119 .
961 2088 1079 2119 dicam
1106 2087 1226 2119 D1'om.
1247 2096 1404 2126 yramm.
1425 2088 1442 2118 I

92 2137 164 2169 445,
179 2136 219 2164 22
269 2133 290 2164 9
311 2134 345 2164 in
375 2134 456 2172 quis
476 2133 594 2165 Diom.
617 2135 781 2173 fortasse
802 2136 898 2166 reete
951 2134 992 2165 10
1013 2134 1116 2165 Tullo
1138 2134 1335 2166 PANKls
1356 2134 1438 2166 Tul-

94 2181 142 2212 lio
174 2181 251 2212 rell.
320 2180 367 2212 M.
392 2190 462 2220 1)νο
482 2180 530 2211 M·
551 2183 657 2212 codd.
729 2182 770 2212 14
792 2183 1005 2220 nequiverat
1025 2179 1115 2213 ΜΤ2
1135 2182 1339 2221 nequiverit
1359 2183 1437 2213 rell.

153 2227 197 2258 22
218 2236 262 2259 ea
283 2236 318 2259 re
339 2237 368 2259 s.
382 2238 409 2259 s.
426 2224 473 2259 Ρ2
559 2228 603 2259 25
625 2229 724 2267 quod
746 2230 781 2260 ni
798 2254 804 2260 .
822 2253 828 2260 .
846 2254 852 2260 .
869 2230 953 2261 dare
974 2229 1088 2261 Prisc.
1108 2238 1266 2269 yramm.
1286 2228 1336 2260 III
1353 2233 1404 2267 49,
1420 2233 1441 2260 6

154 2273 308 2306 Catilina
329 2284 398 2306 om.
420 2275 534 2307 Prisc.
595 2275 639 2306 26
654 2284 718 2314 pro
734 2277 831 2307 curIa
847 2301 853 2308 .
871 2301 878 2307 .
895 2301 902 2308 .
919 2277 1003 2308 dare
1019 2276 1196 2308 *Albinus
1210 2286 1368 2315 qrctmm.
1382 2276 1441 2307 Vll

93 2325 217 2357 307,“.)0
278 2323 385 2361 signa
411 2323 528 2354 Albt'n.
600 2322 644 2353 28
671 2326 964 2355 convenerant..
982 2324 1104 2362 ‚quod
1132 2333 1213 2355 eum
1243 2325 1277 2354 in
1307 2319 1438 2362 ῙΠ,(Ι.Α’ἒ
