1593 2496
108 64 162 102 52
539 54 579 91 c,
600 54 843 91 SALLUsrr
871 53 1029 91 CRISPI

58 175 79 205 4
107 179 260 208 omnes
296 173 439 207 tamen
463 168 660 207 advorsis
679 166 932 207 volneribus
954 166 1241 206 conciderant.
1270 165 1458 206 Catilina

106 238 209 267 vero
242 227 373 276 longe
401 238 426 265 a
452 227 542 266 suis
569 227 676 265 inter
703 226 892 266 hostium
921 225 1134 265 cadavera
1161 229 1353 275 repertus
1380 230 1457 272 est,

111 286 335 336 paululum
358 287 487 325 etiam
509 286 678 334 spirans
699 285 993 334 ferociamque
1008 285 1154 331 animi,
1175 296 1307 334 quam
1322 284 1457 323 habu-

60 354 80 384 5
108 350 196 385 erat
223 346 362 390 vivos
396 346 438 383 in
464 344 586 384 voltu
613 345 814 384 retinens.
854 347 1074 393 postremo
1102 354 1154 383 ex
1182 345 1301 383 omni
1330 344 1458 393 copia

107 416 251 454 neque
273 405 314 443 in
337 403 502 453 proelio
524 414 668 452 neque
689 404 731 442 in
753 403 856 452 luga
870 403 1101 452 quisquam
1118 403 1224 442 civis
1239 404 1455 453 ingenuos
1491 411 1511 439 5

60 473 81 504 6
108 468 259 513 captus
281 467 361 503 est:
383 464 441 502 ita
462 463 602 502 cuncti
624 473 730 501 suae
751 462 1031 511 hostiumque
1045 463 1161 501 vitae
1176 462 1294 501 iuxta
1309 473 1458 511 peper-

61 532 80 562 7
109 527 264 563 cerant.
310 533 453 571 neque
486 526 631 560 tamen
665 522 876 560 exercitus
911 520 1062 570 populi
1089 520 1271 560 Romani
1299 520 1456 560 laetam

108 586 181 621 aut
219 583 486 621 incruentam
525 581 749 620 victoriam
789 580 974 629 adeptus
1013 584 1113 621 erat.
1160 591 1261 619 nam
1295 585 1458 619 strenu-

108 643 297 680 issumus
331 641 517 689 quisque
549 643 623 679 aut
656 639 871 679 occiderat
906 640 947 678 in
982 639 1147 688 proelio
1175 644 1248 678 aut
1274 640 1460 688 graviter

62 709 83 740 ὃ
109 700 360 740 volneratus
382 699 650 738 discesserat.
678 698 799 737 multi
815 703 972 743 autem,
994 699 1067 747 qui
1083 709 1107 738 e
1122 699 1270 737 castris
1283 697 1458 737 visundi
1477 703 1515 734 m

109 764 182 798 aut
227 758 445 808 spoliandi
485 758 622 808 gratia
661 762 971 807 processerant,
1014 757 1245 797 volventes
1284 756 1459 797 hostilia

109 818 322 858 cadavera
348 818 536 856 amicum
564 817 648 863 alii,
676 827 774 866 pars
801 816 1019 865 hospitem
1047 821 1120 855 aut
1142 820 1375 866 cognatum
1397 827 1459 856 ree

109 878 349 927 periebant;
383 876 500 916 fuere
534 877 635 915 item
670 876 743 925 qui
771 877 971 916 inimicos
998 887 1103 915 suos
1130 879 1457 925 cognoscerent.

61 948 83 978 9
108 939 166 976 ita
191 937 310 976 varie
337 947 412 984 per
437 946 613 975 omnem
642 935 874 974 exercitum
903 935 1076 980 laetitia,
1109 946 1288 980 maeror,
1315 934 1457 974 luctus

110 1002 240 1045 atque
269 995 431 1044 gaudia
458 994 744 1044 agitabantur.

170 1100 185 1131 1
215 1099 453 1132 conciderunt
488 1097 598 1131 Char.
619 1098 741 1130 Diom.
822 1097 977 1130 Catilina
997 1123 1005 1131 .
1021 1124 1029 1131 .
1045 1124 1053 1131 .
1074 1102 1236 1138 repertus
1271 1101 1326 1131 est
1357 1097 1458 1130 Serv.

108 1146 196 1179 Aen.
218 1152 245 1183 Ι.
260 1150 321 1179 488
383 1146 402 1177 2
423 1154 510 1178 vero
535 1155 606 1178 om.
627 1145 729 1178 Sero.
781 1146 801 1178 3
822 1146 1070 1185 ferociamque
1086 1171 1093 1178 .
1109 1171 1117 1178 .
1133 1170 1141 1178 .
1157 1147 1315 1178 retinens
1335 1145 1457 1177 Schol.

109 1194 221 1274 {nihl
231 1194 340 1274 Tgeb.
360 1198 390 1233 ³,
405 1197 445 1224 94
519 1202 591 1232 que
612 1194 724 1224 animi
751 1202 821 1225 om.
843 1193 965 1226 Selrol.
985 1193 1082 1226 Stat.
1151 1194 1256 1224 vivus
1283 1193 1459 1224 habuerat

138 1251 155 1273 c
184 1251 231 1274 o.
280 1243 349 1273 tat.
