1593 2496
141 64 222 103 100
565 60 603 97 C.
626 60 869 97 SALLUSTI
897 60 1056 98 CRISPI

66 172 120 209 57
195 171 355 211 Marius
389 173 443 212 ad
470 172 649 211 Zamam
679 173 884 222 pervenit.
919 173 961 212 id
996 174 1220 223 oppidum,
1253 175 1295 213 in
1327 185 1486 224 campo

137 232 278 278 situm,
305 233 446 282 magis
474 243 606 281 opere
633 243 763 282 quarn
791 236 943 272 natura
962 234 1177 272 munitum
1199 238 1299 281 erat,
1325 233 1485 274 nullius

88 293 110 324 2
136 290 324 330 idoneae
362 292 420 330 rei
461 302 608 341 egens,
647 292 776 330 armis
814 292 1005 341 virisque
1039 292 1307 341 opulentum.
1357 294 1485 342 igitur

135 349 335 389 Metellus
369 361 446 399 pro
479 354 675 399 tempore
705 355 836 400 atque
863 350 960 391 loco
988 352 1148 400 paratis
1174 351 1302 391 rebus
1329 356 1484 392 cuncta

136 409 311 449 moenia
340 410 526 449 exercitu
554 410 845 455 circumvenit,
873 410 1026 460 legatis
1052 411 1245 460 imperat,
1271 410 1344 451 ubi
1370 413 1483 461 quis·
1515 419 1537 446 5

88 472 108 503 3
136 479 221 517 que
255 473 429 509 curaret.
475 469 634 509 deinde
661 469 787 519 signo
816 468 918 509 dato
945 469 1141 519 undique
1167 470 1294 509 simul
1323 469 1483 511 clamor

135 528 289 577 ingens
317 528 458 573 oritur,
490 539 635 577 neque
662 539 714 568 ea
741 539 807 568 res
834 528 1046 568 Numidas
1072 532 1213 568 terret:
1240 529 1396 569 infensi
1422 531 1483 569 in-

85 590 108 621 4
134 587 328 636 tentique
356 588 449 626 sine
476 587 662 626 tumultu
689 592 879 633 manent,
906 588 1119 636 proelium
1147 588 1356 637 incipitur.
1402 588 1482 628 Ro-

134 647 263 692 mani,
291 657 368 695 pro
396 647 573 696 ingenio
602 647 799 696 quisque,
828 657 925 695 pars
953 647 1122 686 eminus
1150 647 1310 697 glande
1330 652 1405 687 aut
1425 647 1483 687 la-

133 705 308 754 pidibus
342 717 549 755 pugnare,
584 705 655 744 alii
689 705 922 745 succedere
949 717 999 745 ac
1025 718 1195 745 murum
1222 706 1357 747 modo
1385 707 1483 747 sub·
1505 713 1542 741 10

133 764 281 804 fodere
303 765 436 804 modo
459 765 585 805 scalis
607 765 797 814 aggredi,
819 776 976 814 cupere
994 765 1205 814 proelium
1222 766 1264 805 in
1280 766 1483 805 manibus

86 829 104 859 5
133 823 283 864 facere.
330 829 478 864 contra
511 835 562 864 ea
589 824 799 873 oppidani
827 825 870 863 in
898 835 1134 873 proxumos
1162 835 1267 864 saxa
1292 825 1481 871 volvere,

133 884 264 929 sudis,
299 883 397 932 pila,
431 888 652 932 praeterea
680 884 819 933 picem
847 883 1054 932 sulphure
1082 888 1123 923 et
1149 884 1278 923 taeda
1303 885 1480 923 mixtam

83 948 104 978 6
132 943 327 982 ardentia
354 943 532 983 mittere.
571 943 647 982 sed
676 954 731 982 ne
758 942 854 982 illos
880 943 1069 992 quidem,
1097 944 1170 992 qui
1192 943 1340 992 procul
1362 954 1483 982 man-

131 1007 285 1047 serant,
313 1002 438 1041 timor
465 1003 597 1041 animi
625 1003 728 1041 satis
756 1002 1015 1047 muniverat;
1043 1013 1144 1041 narn
1171 1002 1403 1051 plerosque
1424 1003 1481 1042 ia·
1504 1009 1540 1037 15

131 1060 227 1100 cula
259 1063 482 1101 tormentis
515 1066 588 1101 aut
621 1073 753 1100 manu
784 1062 944 1101 emissa
970 1061 1268 1108 volnerabant,
1302 1063 1483 1110 parique

131 1120 323 1169 periculo
352 1121 427 1160 sed
457 1121 571 1160 fama
598 1121 736 1170 inpari
763 1120 866 1160 boni
894 1125 1024 1169 atque
1052 1121 1198 1170 ignavi
1226 1126 1356 1160 erant.

65 1182 120 1220 58
190 1179 303 1218 Dum
327 1180 444 1228 apud
466 1180 644 1219 Zamam
668 1181 728 1219 sic
749 1184 939 1225 certatur,
960 1180 1161 1228 Iugurtha
1184 1190 1235 1218 ex
1257 1180 1478 1229 inproviso

131 1244 269 1278 castra
295 1238 486 1278 hostium
515 1251 611 1278 cum
640 1250 801 1288 magna
828 1250 959 1277 manu
982 1239 1166 1284 invadit;
1189 1239 1379 1279 remissis
1406 1239 1478 1288 qui

131 1299 173 1337 in
202 1299 419 1347 praesidio
448 1303 567 1338 erant
595 1304 635 1338 et
663 1299 810 1338 omnia
844 1298 984 1348 magis
1015 1309 1146 1347 quarn
1175 1298 1386 1347 proelium
1408 1309 1478 1337 ex·
1498 1304 1537 1332 2⁰

82 1371 103 1401 2
132 1358 405 1406 pectantibus
433 1363 600 1406 portam
635 1359 850 1407 inrumpit.
889 1362 931 1396 at
957 1358 1089 1396 nostri
1115 1358 1340 1406 repentino
1363 1363 1480 1396 metu

131 1417 315 1466 perculsi
338 1417 419 1456 sibi
443 1418 628 1467 quisque
651 1429 726 1466 pro
749 1416 941 1456 moribus
964 1416 1212 1462 consulunt;
1234 1416 1304 1455 alii
1320 1416 1479 1466 fugere,

83 1491 101 1522 3
130 1476 201 1515 alii
229 1487 348 1515 arma
376 1487 547 1524 capere;
580 1488 741 1526 magna
769 1487 865 1525 pars
892 1476 1103 1515 volnerati
1132 1481 1205 1514 aut
1232 1476 1375 1515 occisi.
1415 1486 1479 1514 ce-

130 1540 267 1575 terum
302 1547 354 1574 ex
388 1537 506 1575 omni
540 1535 815 1574 multitudine
849 1546 936 1574 non
971 1534 1158 1583 amplius
1192 1535 1478 1584 quadraginta

130 1605 346 1634 memores
385 1596 574 1634 nominis
608 1594 791 1634 Romani
830 1605 961 1644 grege
1001 1594 1112 1633 facto
1147 1594 1290 1633 locum
1324 1604 1476 1642 cepere
1497 1600 1534 1628 25

131 1654 261 1702 paulo
285 1665 415 1703 quam
444 1653 514 1692 alii
543 1654 780 1699 editiorem,
808 1665 951 1702 neque
979 1653 1079 1692 inde
1104 1663 1310 1705 maxuma
1335 1653 1378 1691 vi
1406 1652 1477 1691 de-

131 1713 231 1761 pelli
259 1714 500 1762 quiverunt,
528 1714 604 1753 sed
632 1713 716 1752 tela
745 1714 913 1752 eminus
941 1713 1073 1751 missa
1098 1712 1322 1757 remittere,
1350 1712 1476 1760 pauci

130 1773 172 1811 in
196 1772 389 1821 pluribus
411 1773 553 1811 minus
576 1773 779 1817 frustrari;
807 1773 871 1811 sin
894 1771 1109 1810 Numidae
1131 1771 1307 1820 propius
1328 1771 1476 1810 adces-

128 1832 297 1877 sissent,
331 1831 388 1870 ibi
415 1843 518 1871 vero
546 1833 746 1871 virtutem
775 1831 1004 1871 ostendere
1032 1835 1073 1869 et
1100 1841 1175 1869 eos
1203 1840 1407 1868 maxuma
1433 1830 1475 1868 vi

81 1893 102 1924 4
130 1891 322 1935 caedere,
356 1891 537 1930 fundere
563 1896 694 1940 atque
722 1891 881 1940 fugare.
919 1890 1086 1929 interim
1114 1889 1313 1928 Metellus
1341 1900 1474 1938 quom
1495 1895 1533 1923 30

127 1961 348 1989 acerrume
381 1961 469 1989 rem
504 1955 679 1999 gereret,
714 1950 945 1989 clamorem
980 1948 1180 1988 hostilem
1209 1959 1233 1986 a
1260 1952 1380 1997 tergo
1408 1959 1476 1986 ac-

186 2078 207 2110 3
222 2078 329 2109 armis
343 2079 503 2117 virisque
518 2079 730 2117 opulentum
745 2078 852 2109 Aras.
866 2086 1022 2116 yramm.
1043 2076 1100 2108 Vll
1111 2080 1183 2113 496,
1197 2079 1238 2107 23
1286 2075 1307 2107 9
1322 2085 1404 2115 pars
1420 2100 1427 2106 .
1443 2099 1450 2107 .
1467 2095 1476 2106 t

127 2134 292 2164 pugnare
317 2125 412 2158 Non.
431 2135 468 2165 ρ.
489 2129 562 2163 553,
578 2130 617 2157 17
698 2125 739 2157 12
768 2126 941 2164 proximis
967 2118 1185 2155 PA²CBK1
1262 2123 1304 2155 13
1330 2123 1473 2154 taedam

126 2167 370 2204 P¹A¹ND²m
465 2173 508 2204 14
535 2173 674 2204 ardenti
701 2167 860 2204 A²KPs
888 2171 1072 2203 ardentem
1101 2180 1133 2201 m
1220 2170 1264 2202 27
1292 2171 1397 2209 pauci

127 2219 282 2251 frustrari
303 2220 419 2252 Sehol.
441 2220 536 2252 Stat.
562 2220 671 2252 Theb.
691 2224 722 2258 2,
736 2223 797 2251 594
853 2219 1007 2250 frustrari
1027 2218 1135 2249 XTm
1156 2218 1310 2249 frustrati
1330 2211 1475 2248 A²C²Y

126 2267 199 2298 lsn
226 2267 485 2299 frustrabantur
505 2267 624 2300 Schol.
641 2267 737 2299 Stat.
798 2266 842 2298 28
869 2267 924 2297 sin
945 2265 994 2296 Xl
1016 2266 1046 2296 si
1068 2266 1144 2296 rell.
1214 2265 1256 2297 31
1280 2265 1474 2296 clamorem

126 2310 254 2346 M¹DF
282 2316 476 2347 clamorem
503 2316 559 2346 vel
585 2315 776 2346 tumultum
804 2315 881 2345 rell.
