1593 2496
103 59 158 98 64
535 52 575 90 C.
596 53 839 90 SALLUSTI
867 52 1025 90 CRISPI

105 164 487 216 Carthaginiensis.
525 170 672 206 vostra
698 165 912 205 beneficia
938 166 1043 205 mihi
1071 170 1217 215 erepta
1241 170 1352 212 sunt,
1380 177 1452 215 pa-

56 230 78 261 9
105 229 189 265 tres
216 226 459 274 conscripti,
483 236 565 264 vos
591 226 635 264 in
662 236 761 265 mea
787 226 940 264 iniuria
963 225 1160 274 vdespecti
1187 226 1302 265 estis.
1339 225 1451 265 eheu

104 296 174 325 me
201 286 424 324 miserum!
452 284 621 330 hucine,
648 284 832 333 Micipsa
858 288 988 333 pater,
1015 284 1229 324 beneficia
1254 288 1327 323 tua
1353 294 1453 324 eva-

105 355 211 390 sere,
238 348 295 390 ut,
322 355 453 393 quem
475 348 520 382 tu
541 354 689 392 parem
711 355 809 383 cum
830 343 974 383 liberis
994 344 1078 383 tuis
1098 345 1308 393 regnique
1329 344 1454 393 parti-

105 405 246 453 cipem
277 403 425 448 fecisti,
458 404 493 441 is
521 403 811 451 potissumum
839 404 981 452 stirpis
1007 406 1109 442 tuae
1136 404 1345 443 extinctor
1371 403 1454 442 sit?
1477 413 1496 441 5

104 473 405 512 numquamne
432 473 534 511 ergo
562 461 724 501 familia
750 466 896 502 nostra
917 462 1064 512 quieta
1085 463 1190 502 erit?
1225 472 1453 511 semperne

47 526 90 558 10
106 523 148 561 in
170 522 384 571 sanguine
405 521 513 560 ferro
535 521 637 570 fuga
650 521 921 561 vorsabitur?
954 521 1057 560 dum
1075 520 1454 571 Carthaginienses

106 581 347 621 incolumes
374 580 504 626 fuere,
537 580 626 620 iure
654 581 802 620 omnia
829 591 962 620 saeva
989 581 1277 632 patiebamur:
1306 580 1454 620 hostes

106 641 161 680 ab
188 640 332 686 latere,
363 650 445 679 vos
478 640 605 678 amici
635 639 796 688 procul,
829 650 929 689 spes
957 641 1100 679 omnis
1127 640 1169 679 in
1197 640 1326 679 armis
1352 643 1459 679 erat.⁴

107 703 340 749 postquam
374 698 446 738 illa
479 699 612 747 pestis
646 710 698 738 ex
729 698 872 738 Africa
899 700 1036 739 eiecta
1063 703 1139 745 est,
1172 698 1272 738 laeti
1300 710 1453 748 pacem
1474 708 1510 737 10

107 759 394 809 agitabamus,
427 758 590 807 quippe
623 758 720 807 quis
753 758 890 798 hostis
922 758 1066 798 nullus
1100 762 1200 804 erat,
1232 759 1314 797 nisi
1347 758 1455 798 forte

48 823 88 854 11
107 829 237 868 quem
257 829 339 857 vos
360 818 606 856 iussissetis.
640 828 741 857 ecce
763 822 907 857 autem
930 829 981 857 ex
1003 818 1225 866 inproviso
1240 817 1455 868 Iugurtha,

106 877 379 917 intoleranda
399 876 583 916 audacia
604 876 766 916 scelere
784 881 915 926 atque
930 877 1134 926 superbia
1148 888 1245 917 sese
1261 877 1456 924 efferens,

106 937 230 976 fratre
263 947 362 976 meo
397 940 528 985 atque
558 936 714 976 eodem
744 937 990 985 propinquo
1017 947 1098 976 suo
1125 936 1347 976 interfecto
1376 937 1455 985 pri-

106 1007 226 1035 mum
253 1006 436 1045 regnum
464 996 556 1034 eius
584 995 757 1034 sceleris
785 996 852 1034 sui
879 996 1085 1044 praedam
1107 995 1222 1041 fecit;
1261 999 1361 1044 post
1381 995 1455 1035 ubi
1476 1005 1511 1034 15

107 1066 178 1094 me
210 1055 349 1094 isdem
383 1054 495 1094 dolis
528 1055 678 1103 nequit
705 1065 871 1104 capere,
904 1054 1009 1093 nihil
1037 1056 1180 1094 minus
1208 1066 1339 1104 quam
1365 1056 1454 1094 vim

108 1118 181 1153 aut
201 1114 363 1154 bellum
386 1117 687 1163 expectantem
710 1114 752 1153 in
774 1114 955 1163 imperio
967 1118 1127 1161 vostro,
1147 1114 1271 1153 sicuti
1285 1114 1456 1160 videtis,

109 1178 320 1213 extorrem
354 1174 490 1222 patria
523 1173 669 1219 domo,
702 1174 879 1222 inopem
919 1177 960 1212 et
992 1178 1245 1222 coopertum
1272 1174 1455 1213 miseriis

109 1233 261 1279 effecit,
287 1237 333 1271 ut
359 1232 502 1271 ubivis
529 1233 661 1271 tutius
687 1243 819 1282 quam
847 1233 889 1271 in
917 1243 1016 1272 meo
1044 1243 1178 1282 regno
1207 1243 1360 1272 essem.

50 1297 93 1329 12
168 1292 258 1342 Ego
291 1293 354 1331 sic
375 1292 716 1337 -existumabam,
751 1296 892 1340 patres
926 1292 1168 1340 conscripti,
1201 1293 1262 1331 uti
1289 1292 1511 1341 praedi-20

109 1356 279 1391 cantem
313 1351 567 1390 audiveram
602 1355 766 1400 patrem
801 1362 960 1397 meum,
993 1352 1066 1400 qui
1092 1355 1283 1390 vostram
1311 1352 1457 1390 amici-

109 1412 212 1450 tiam
234 1410 462 1460 diligenter
483 1410 684 1456 colerent,
706 1421 782 1450 eos
804 1409 987 1449 multum
1009 1410 1202 1450 laborem
1224 1411 1455 1460 suscipere,

53 1474 95 1506 13
110 1474 299 1510 ceterum
334 1480 387 1508 ex
422 1470 626 1509 omnibus
652 1480 857 1509 maxume
883 1473 999 1509 tutos
1026 1480 1135 1509 esse.
1181 1469 1299 1519 quod
1328 1470 1370 1508 in
1397 1469 1456 1509 fa-

109 1529 228 1568 milia
254 1533 401 1568 nostra
427 1528 515 1573 fuit,
543 1529 764 1577 praestitit,
791 1529 851 1567 uti
879 1529 920 1567 in
949 1529 1154 1568 omnibus
1180 1528 1305 1568 bellis
1332 1529 1457 1568 ades-

110 1593 175 1628 set
199 1588 345 1633 vobis;
360 1585 453 1627 'nos
480 1589 539 1627 uti
568 1599 641 1636 per
663 1589 798 1628 otium
820 1589 897 1626 tuti
919 1589 1066 1634 simus,
1093 1589 1136 1627 in
1156 1592 1302 1628 vostra
1323 1599 1455 1627 manu
1475 1596 1516 1624 m

52 1652 95 1684 14
111 1652 186 1694 est,
220 1651 362 1697 patres
396 1647 636 1695 conscripti.
683 1651 803 1696 pater
835 1659 916 1687 nos
949 1647 1062 1686 duos
1094 1647 1241 1686 fratres
1274 1647 1455 1696 reliquit,

111 1707 280 1747 tertium
301 1706 548 1756 Iugurtham
577 1706 800 1746 beneficiis
827 1708 916 1745 suis
943 1711 1058 1746 ratus
1086 1710 1151 1746 est
1177 1707 1454 1746 coniunctum

111 1766 239 1806 nobis
272 1765 373 1805 fore.
418 1765 523 1805 alter
557 1777 705 1805 eorum
737 1770 915 1805 necatus
943 1770 1018 1811 est,
1051 1765 1224 1805 alterius
1251 1766 1344 1814 ipse
1371 1776 1455 1815 ego

56 1830 97 1861 15
113 1836 268 1864 manus
296 1825 536 1874 inpiasvix
563 1824 706 1874 effugi.
745 1825 849 1874 quid
877 1826 1035 1875 agam?
1061 1828 1135 1864 aut
1161 1835 1248 1873 quo
1271 1825 1456 1873 potissu-

112 1896 231 1923 mum
271 1884 420 1923 infelix
459 1884 701 1924 adcedam?
745 1885 915 1933 generis
950 1883 1166 1933 praesidia
1198 1884 1346 1923 omnia
1384 1892 1510 1923 ex-ao

172 1977 192 2009 2
219 1977 314 2008 eheu
343 1986 400 2009 me
421 1978 589 2009 miserum
614 1977 685 2010 Ult.
705 1977 796 2017 Syll.
810 1987 965 2017 gramm.
980 1977 1029 2009 IV
1042 1980 1114 2015 256,
1128 1981 1148 2008 4
1198 1977 1269 2008 heu
1289 1972 1367 2008 A²s
1384 1976 1456 2009 Ult.

112 2025 201 2064 Syll.
252 2024 324 2056 heu
345 2033 402 2056 me
424 2026 513 2063 mis„
536 2025 607 2056 heu
628 2033 685 2056 me
706 2025 889 2056 infelicem
913 2025 984 2056 Ult,
1004 2023 1093 2063 Syll.
1144 2024 1164 2056 3
1193 2024 1326 2056 hucine
1346 2023 1456 2056 VXN

112 2072 211 2103 Ksm
275 2071 429 2103 huccine
455 2067 504 2103 13²
530 2073 608 2104 rell.
691 2072 712 2103 4
739 2081 861 2110 parem
956 2072 1073 2104 iecisti
1099 2072 1205 2103 Aras.
1225 2080 1382 2110 yramm.
1401 2070 1459 2102 VII

110 2122 218 2157 500.3
266 2119 337 2150 tuis
363 2128 433 2151 om.
454 2118 486 2151 V
559 2119 579 2150 5
606 2117 650 2157 is]
678 2119 714 2151 id
734 2119 766 2151 V
839 2119 860 2150 6
886 2127 1084 2157 numquam
1110 2115 1214 2150 VP¹1
1289 2118 1308 2150 7
1334 2120 1465 2151 versa·'

113 2167 207 2198 bitur
225 2165 342 2198 VXls
362 2167 586 2198 versabimur
606 2166 745 2198 AYnm
816 2166 858 2199 13
879 2170 914 2198 et
934 2175 1013 2204 sup.
1033 2165 1065 2197 V
1114 2164 1211 2204 sese]
1232 2174 1272 2197 se
1292 2165 1324 2197 V
1343 2175 1414 2197 om.
1428 2164 1457 2197 Ρ

174 2213 217 2245 16
239 2221 314 2244 non
342 2214 419 2252 quit
438 2210 523 2246 VP2
604 2213 646 2245 17
666 2214 772 2246 sicuti
793 2238 800 2246 .
817 2239 823 2245 .
840 2238 847 2245 .
869 2213 990 2245 effecit
1008 2213 1102 2245 Non.
1115 2223 1153 2252 p.
1169 2217 1217 2252 14,
1231 2216 1274 2244 26
1341 2211 1383 2244 19
1403 2209 1456 2251 ut}

113 2263 150 2293 et
177 2260 209 2292 V
294 2269 407 2300 regno
441 2269 523 2293 meo
554 2260 809 2293 VBHDFsm
877 2261 921 2292 22
954 2261 1087 2292 laboris
1106 2261 1138 2292 V
1212 2260 1255 2292 23
1278 2260 1377 2299 quod

111 2308 218 2341 vobis
244 2307 339 2340 Don.
366 2308 442 2340 Ter.
463 2308 529 2340 Ad.
551 2312 612 2339 692
683 2308 728 2339 25
755 2317 879 2339 sumus
906 2307 937 2338 V
