1593 2496
394 46 666 84 CATILINAE
695 45 1012 84 CONIURATIO
1042 51 1080 81 51
1358 51 1412 90 39

65 161 313 209 praesertim
337 160 562 209 diligentia
583 159 822 198 clarissumi
843 159 920 197 viri
944 158 1135 198 consulis
1157 163 1274 197 tanta
1296 169 1415 207 prae-

63 220 173 259 sidia
201 221 283 259 sint
311 220 353 258 in
382 219 523 258 armis.
563 218 617 258 de
646 229 789 267 poena
817 229 997 267 possum
1026 217 1230 267 equidem
1259 217 1479 262 dicerem>

64 279 104 317 id
127 279 245 329 quod
267 289 333 318 res
350 278 491 324 habet,
514 278 556 316 in
572 277 688 317 luctu
704 282 834 326 atque
849 277 1032 317 miseriis
1049 282 1231 316 mortem
1247 287 1414 316 aerum-

63 349 214 377 narum
238 339 443 387 requiem,
464 348 552 377 non
575 337 808 376 cruciatum
832 348 947 382 esse;
970 347 1066 376 eam
1089 340 1244 375 cuncta
1258 340 1413 375 morta-

24 404 41 429 5
66 397 168 437 lium
197 397 312 436 mala
339 396 597 441 dissolvere:
625 396 733 435 ultra
759 407 903 445 neque
931 407 1057 435 curae
1084 406 1228 445 neque
1250 395 1412 445 gaudio

63 457 205 496 locum
234 467 343 496 esse.
384 456 474 502 sed,
502 467 576 505 per
604 455 712 495 deos
741 454 992 501 inmortalis,
1019 466 1150 504 quam
1178 455 1235 494 ob
1257 466 1346 494 rem
1369 455 1411 492 in
1430 462 1469 494 21

62 516 320 555 sententiam
355 526 443 555 non
477 514 694 561 addidisti,
727 515 786 553 uti
824 515 941 563 prius
973 514 1226 553 verberibus
1260 515 1302 553 in
1337 525 1414 553 eos

62 575 506 614 animadvorteretur?
551 585 606 613 an
641 574 743 623 quia
770 574 838 613 lex
866 574 1016 613 Porcia
1042 575 1188 613 vetat?
1233 578 1274 612 at
1302 573 1413 613 aliae
1433 580 1481 613 22

63 634 182 683 leges
210 635 311 673 item
340 634 642 674 condemnatis
671 633 839 672 civibus
866 644 954 673 non
977 633 1167 672 animam
1191 633 1307 682 eripi,
1336 632 1413 672 sed

10 700 42 725 10
63 693 237 733 exilium
273 694 457 742 permitti
485 693 645 732 iubent.
691 703 745 731 an
775 693 877 742 quia
903 693 1079 742 gravius
1107 697 1171 731 est
1198 692 1412 731 verberari

61 764 191 801 quam
219 753 391 792 necari?
431 752 534 802 quid
558 757 703 791 autem
725 752 929 791 acerbum
951 757 1024 791 aut
1045 752 1173 790 nimis
1195 763 1327 801 grave
1349 756 1413 791 est
1429 758 1475 790 23

63 813 102 850 in
136 811 337 851 homines
370 812 475 850 tanti
508 811 709 851 facinoris
744 812 997 851 convictos?
1043 812 1108 850 sin
1142 812 1245 860 quia
1272 811 1412 850 levius
1428 815 1479 847 24

62 876 136 916 est,
158 872 231 920 qui
253 872 457 910 convenit
478 871 520 909 in
542 871 709 910 minore
730 872 907 920 negotio
931 871 1072 920 legem
1094 871 1256 916 timere,
1277 881 1411 919 quom

62 942 158 969 eam
187 931 229 969 in
256 931 421 970 maiore
448 930 722 978 neglexeris?

11 997 42 1021 15
121 988 176 1028 At
215 990 468 1038 enim,quis
506 989 794 1038 reprehendet
833 989 952 1038 quod
994 990 1035 1027 in
1077 988 1311 1038 parricidas
1352 989 1411 1027 rei
1429 994 1472 1025 25

62 1048 261 1096 publicae
299 1048 518 1088 decretum
553 1049 658 1088 erit?
696 1053 869 1097 tempus
903 1048 997 1088 dies
1030 1048 1217 1094 fortuna,
1252 1049 1411 1098 quoius

62 1107 210 1147 lubido
250 1108 453 1158 gentibus
486 1108 745 1148 moderatur.
791 1107 873 1146 illis
908 1108 1059 1147 merito
1094 1107 1261 1147 accidet
1294 1108 1478 1157 quic-26

61 1166 164 1215 quid
200 1168 410 1213 evenerit;
442 1172 631 1207 ceterum
658 1178 752 1213 vos,
786 1171 927 1216 patres
956 1167 1198 1216 conscripti,
1234 1167 1339 1216 quid
1368 1167 1409 1205 in

61 1225 170 1265 alios
211 1227 425 1272 statuatis,
460 1226 744 1266 considerate.
792 1227 941 1266 omnia
973 1226 1087 1265 mala
1122 1226 1324 1275 exempla
1358 1237 1409 1265 ex
1426 1230 1469 1262 27

6 1285 189 1324 20rebus
222 1286 350 1325 bonis
384 1290 476 1325 orta
508 1291 619 1325 sunt.
665 1285 741 1325 sed
776 1286 848 1325 ubi
883 1286 1110 1334 imperium
1146 1285 1201 1324 ad
1235 1286 1410 1334 ignaros

63 1345 156 1383 eius
183 1350 256 1383 aut
280 1346 424 1384 minus
445 1345 588 1384 bonos
611 1346 817 1393 pervenit,
845 1356 1009 1384 novom
1032 1344 1137 1383 illud
1160 1344 1409 1394 exemplum

62 1403 117 1442 ab
145 1403 288 1453 dignis
317 1409 357 1443 et
385 1404 555 1444 idoneis
582 1404 637 1443 ad
665 1404 870 1453 indignos
898 1409 939 1444 et
959 1415 1047 1443 non
1069 1404 1255 1444 idoneos
1276 1409 1409 1443 trans-

62 1462 200 1502 fertur.
251 1462 587 1503 Lacedaemonii
634 1463 815 1503 devictis
853 1463 1197 1503 Atheniensibus
1238 1464 1410 1513 triginta
1425 1466 1472 1500 28

60 1522 177 1561 viros
212 1522 465 1571 inposuere,
503 1523 577 1572 qui
610 1534 698 1561 rem
732 1522 951 1572 publicam
986 1534 1137 1562 eorum
1170 1527 1409 1562 tractarent.

6 1587 41 1614 25
62 1581 90 1619 ii
123 1581 261 1630 primo
296 1593 480 1630 coepere
515 1593 770 1631 pessumum
799 1593 1020 1631 quemque
1048 1587 1088 1621 et
1115 1582 1320 1621 omnibus
1348 1582 1473 1620 ἱππ-29

60 1640 203 1679 visum
236 1640 536 1680 indemnatum
569 1652 741 1681 necare:
778 1652 829 1680 ea
862 1641 1053 1690 populus
1081 1641 1228 1680 laetari
1255 1646 1296 1680 et
1322 1652 1410 1680 me-

61 1699 138 1739 rito
167 1699 308 1739 dicere
335 1700 437 1740 fieri.
477 1704 575 1749 post
601 1700 675 1739 ubi
698 1700 905 1749 paulatim
927 1700 1100 1740 licentia
1122 1701 1264 1746 crevit,
1293 1701 1410 1739 iuxta
1425 1704 1475 1736 3ο-

63 1758 204 1798 bonos
245 1764 285 1798 et
323 1759 463 1799 malos
503 1759 752 1799 lubidinose
792 1759 1047 1805 interficere,
1087 1764 1252 1799 ceteros
1292 1766 1410 1799 metu

61 1822 231 1857 terrere:
270 1819 329 1857 ita
362 1819 513 1858 civitas
547 1819 751 1858 servitute
785 1830 998 1868 oppressa
1030 1819 1186 1858 stultae
1218 1818 1408 1858 laetitiae
1425 1823 1466 1855 31

8 1882 42 1909 50
61 1877 204 1926 gravis
226 1888 393 1926 poenas
415 1878 544 1917 dedit.
579 1883 725 1917 nostra
746 1879 957 1918 memoria
977 1879 1113 1917 victor
1132 1877 1252 1917 Sulla
1274 1889 1408 1927 quom
1425 1882 1474 1914 32

62 1934 380 1985 Damasippum
408 1942 449 1976 et
475 1937 585 1976 alios
614 1937 707 1976 eius
733 1937 865 1982 modi,
892 1938 966 1986 qui
988 1936 1104 1977 malo
1126 1938 1185 1976 rei
1207 1937 1409 1986 publicae

120 2028 140 2059 2
167 2029 203 2059 in
231 2030 337 2061 armis
358 2031 429 2061 sint
448 2030 480 2062 V
555 2030 574 2062 7
595 2031 778 2062 sententia
797 2030 865 2062 VA
915 2031 965 2062 uti
988 2055 995 2063 .
1010 2055 1019 2062 .
1035 2054 1044 2062 .
1063 2030 1411 2062 animadvorteretur

59 2075 167 2107 Arus.
186 2085 343 2115 gramm.
362 2077 420 2108 Vll
442 2081 514 2115 456,
530 2082 545 2108 1
606 2079 643 2108 in
670 2086 735 2109 eos
761 2078 971 2110 verberibus
997 2077 1030 2110 V
1115 2077 1137 2109 9
1163 2078 1209 2109 de
1235 2078 1409 2109 condem-

61 2123 155 2155 natis
180 2123 231 2155 Vl
257 2123 261 2128 ’
330 2124 373 2156 13
399 2123 475 2163 qui]
503 2125 592 2163 quid
617 2120 752 2156 P¹Bln
847 2125 890 2156 14
916 2125 1124 2164 neglegeris
1148 2124 1176 2157 P
1270 2124 1313 2156 16
1339 2125 1410 2157 for-

60 2175 148 2201 tuna
169 2195 176 2202 .
192 2195 200 2202 .
216 2195 223 2202 .
245 2171 450 2203 moderatur
468 2172 584 2204 Prisc.
597 2181 756 2212 yramm.
770 2172 819 2204 ΙΙΙ
836 2175 908 2210 273,
925 2176 963 2204 15
1013 2173 1146 2211 quoius
1167 2196 1175 2204 .
1190 2197 1198 2204 .
1215 2196 1222 2204 .
1244 2172 1409 2204 modera-

60 2220 115 2248 tur
138 2217 246 2249 Arus.
264 2219 496 2258 qrammVll
517 2223 623 2258 494,3
696 2219 736 2251 21
773 2220 852 2251 eius
884 2216 1179 2251 VPA¹NKlsrn
1205 2220 1305 2252 cives
1330 2220 1410 2251 rell.

119 2263 165 2296 26
179 2273 224 2297 ea
244 2290 251 2297 .
268 2290 275 2297 .
292 2290 299 2297 .
320 2266 399 2298 fieri
418 2266 524 2298 Aras.
544 2275 700 2306 yramm.
717 2266 774 2298 VII
797 2270 868 2305 490,
881 2270 902 2298 6
919 2267 1033 2299 Prisc.
1054 2276 1212 2305 mamm.
1225 2266 1275 2298 ΙΙΙ
1290 2269 1363 2305 307,
1378 2270 1409 2298 6.

60 2314 131 2349 358,
145 2315 186 2343 24
260 2321 345 2352 pop.
367 2312 553 2345 Romanus
579 2314 686 2346 Aras.
