1593 2496
210 49 275 85 EX
296 48 544 86 HISTORIIS
566 48 645 85 OR.
668 47 840 85 MACRI.
856 48 1008 86 EPIST.
1024 49 1361 86 MITHRIDATIS
1390 57 1469 95 159

173 161 321 211 Itaque
348 161 579 201 verborum
606 162 710 200 satis
740 161 901 200 dictum
930 165 1005 207 est,
1032 172 1177 211 neque
1204 163 1319 200 enim
1349 163 1471 211 igno·
1486 167 1532 199 25

115 222 249 260 rantia
276 232 341 261 res
369 221 541 260 claudit.
579 232 729 260 verum
757 221 988 270 occupavit
1015 222 1164 260 nescio
1193 217 1363 270 qua<e>
1390 233 1470 261 vos
1486 226 1535 257 26

114 280 309 330 torpedo,
330 291 417 330 qua
432 291 521 320 non
533 279 671 330 gloria
687 280 925 319 movemini
940 291 1085 329 neque
1100 280 1278 329 flagitio,
1300 285 1470 320 cuncta-

114 351 200 388 que
220 340 435 389 praesenti
457 340 633 390 ignavia
654 339 910 385 mutavistis‚
932 339 1109 379 abunde
1125 339 1366 378 libertatem
1382 341 1470 386 rati,

63 411 82 437 5
113 395 331 447 <scilicet>
346 399 449 448 quia
468 399 598 448 tergis
614 399 852 438 abstinetur
871 403 911 438 et
926 398 1011 438 huc
1026 399 1085 438 ire
1100 398 1198 438 licet
1212 403 1344 448 atque
1359 398 1471 445 illuc,

113 469 291 498 munera
312 458 465 497 ditium
487 458 777 498 dominorum.
805 462 937 507 atque
958 458 1067 497 haec
1088 458 1243 497 eadem
1266 469 1355 498 non
1371 464 1471 497 sunt
1486 463 1530 494 27

110 517 364 567 agrestibus
386 517 463 557 sed
484 517 723 557 caeduntur
744 518 852 557 inter
873 518 1115 567 potentium
1132 518 1378 557 inimicitias
1394 517 1470 557 do-

111 587 258 626 noque
284 577 438 616 dantur
465 577 507 616 in
535 578 782 626 provincias
809 577 1144 627 magistratibus.
1173 577 1230 616 ita
1252 581 1470 626 pugnatur
1485 581 1531 613 28

112 640 151 675 et
165 636 347 675 vincitur
362 637 529 685 paucis:
551 636 715 685 plebes,
736 637 1048 686 quodcumque
1063 636 1229 682 accidit,
1251 648 1328 686 pro
1343 637 1469 675 victis

58 705 90 733 io
112 701 177 734 est
206 700 246 735 et
273 697 315 734 in
343 695 437 735 dies
464 697 604 746 magis
632 697 719 741 erit,
747 697 782 734 si
810 696 988 745 quidem
1016 697 1180 735 maiore
1208 707 1309 735 cura
1330 696 1469 735 domi-

110 755 332 794 nationem
370 754 428 794 illi
461 756 723 802 retinuerint,
759 766 891 805 quam
924 767 1006 795 vos
1033 756 1317 805 repetiveritis
1345 755 1468 795 liber—

110 818 253 853 tatem.
483 868 730 905 EPISTULA
758 867 1091 904 MlTHRlDATIS

169 934 272 978 ‘Rex
300 939 567 979 Mithridates
594 940 682 989 regi
703 938 852 978 Arsaci
874 939 1069 978 salutem.
1099 937 1276 984 Omnes,
1303 940 1378 988 qui
1400 950 1465 979 se·
1494 944 1509 975 1

57 1010 89 1035 ιε,
110 998 262 1037 cundis
277 999 405 1038 rebus
421 999 510 1037 suis
525 998 580 1037 ad
597 998 697 1038 belli
713 999 966 1038 societatem
983 1003 1167 1044 orantur,
1189 999 1465 1038 considerare

108 1057 279 1103 debent,
300 1057 484 1097 liceatne
503 1062 593 1097 tum
615 1069 769 1107 pacem
790 1069 932 1108 agere,
953 1058 1067 1104 dein,
1089 1058 1209 1107 quod
1231 1059 1464 1107 quaesitur‚

108 1116 269 1155 satisne
295 1117 415 1166 pium
442 1121 580 1156 tutum
607 1117 847 1167 gloriosum
869 1128 924 1156 an
952 1117 1205 1157 indecorum
1233 1118 1297 1157 sit.
1324 1118 1400 1156 tibi
1429 1118 1464 1156 si
1492 1121 1512 1152 2

108 1180 315 1225 perpetua
336 1187 444 1225 pace
458 1176 537 1215 frui
553 1176 661 1223 licet,
682 1177 764 1216 nisi
780 1176 929 1216 hostes
944 1178 1178 1226 opportuni
1195 1181 1235 1216 et
1251 1176 1464 1216 scelestis-

108 1235 232 1281 sumi,
259 1236 434 1285 egregia
454 1235 581 1281 fama,
609 1236 643 1274 si
668 1235 889 1275 Romanos
918 1237 1198 1285 oppresseris,
1225 1236 1366 1275 futura
1388 1241 1464 1282 est,

53 1304 89 1331 τεο
108 1304 252 1343 neque
279 1298 424 1343 petere
450 1295 638 1334 audeam
671 1296 924 1335 societatem
958 1300 999 1335 et
1032 1295 1183 1334 frustra
1217 1295 1332 1335 mala
1366 1306 1465 1335 mea

107 1364 206 1391 cum
227 1353 354 1393 bonis
375 1354 458 1393 tuis
479 1354 647 1394 misceri
669 1365 851 1403 sperem.
873 1360 1003 1404 atque
1025 1366 1088 1400 ea,
1111 1366 1225 1405 quae
1246 1359 1288 1394 te
1307 1356 1464 1394 morari
1493 1360 1513 1391 3

109 1423 240 1460 posse
254 1413 464 1458 videntur,
486 1414 546 1452 ira
567 1414 609 1452 in
624 1413 856 1463 Tigranem
878 1415 1060 1454 recentis
1081 1414 1184 1454 belli
1201 1418 1241 1454 et
1257 1425 1382 1454 meae
1398 1425 1464 1454 res

109 1481 258 1520 parum
280 1483 525 1521 prosperae,
546 1473 581 1512 si
595 1484 698 1512 vera
712 1474 974 1513 existumare
988 1473 1124 1519 voles,
1146 1485 1351 1513 maxume
1367 1474 1464 1513 hor-

107 1530 319 1571 tabuntur.
345 1531 417 1571 ille
438 1532 553 1570 enim
575 1532 791 1572 obnoxius
813 1533 988 1582 qualem
1009 1537 1052 1572 tu
1068 1532 1191 1572 voles
1207 1533 1461 1572 societatem
1490 1538 1510 1570 4

52 1599 88 1626 25
109 1590 307 1639 accipiet:
339 1590 445 1629 mihi
478 1591 648 1630 fortuna
674 1592 818 1631 multis
846 1592 974 1632 rebus
1005 1593 1161 1641 ereptis
1189 1604 1316 1631 usum
1345 1591 1464 1631 dedit

108 1649 220 1688 bene
239 1650 454 1689 suadendi
476 1655 527 1696 et,
554 1651 673 1700 quod
695 1651 948 1691 florentibus
963 1651 1156 1701 optabile
1178 1656 1253 1697 est,
1275 1662 1357 1701 ego
1374 1662 1462 1691 non

107 1707 417 1748 validissumus
445 1710 634 1758 praebeo
662 1710 923 1760 exemplum,
957 1722 1044 1760 quo
1080 1711 1234 1750 rectius
1262 1715 1336 1750 tua
1362 1722 1463 1750 con-

110 1778 262 1815 ponas

167 1826 367 1877 Namque
402 1828 610 1868 Romanis
642 1840 740 1867 cum
782 1829 1032 1869 nationibus
1071 1829 1247 1878 populis
1286 1829 1461 1879 regibus
1488 1835 1509 1866 5

52 1895 88 1922 30
109 1887 272 1925 cunctis
299 1898 386 1926 una
409 1893 450 1927 et
479 1898 531 1927 ea
550 1892 675 1927 vetus
703 1899 835 1928 causa
861 1888 1052 1928 bellandi
1075 1893 1155 1928 est:
1184 1888 1344 1937 cupido
1366 1900 1461 1937 pro-

108 1945 241 1984 funda
267 1946 419 1995 imperi
446 1951 487 1986 et
513 1946 771 1987 divitiarum.
799 1959 886 1997 qua
913 1948 1052 1996 primo
1074 1959 1172 1986 cum
1197 1959 1298 1997 rege
1319 1947 1461 1987 Mace-

109 2004 273 2044 donum
294 2005 495 2056 Philippo
517 2005 679 2045 bellum
701 2018 937 2055 sumpsere,
965 2006 1068 2045 dum
1090 2018 1116 2045 a
1137 2006 1461 2057 Carthaginien·
1489 2012 1509 2044 6

108 2063 228 2102 sibus
249 2065 563 2112 premebantur,
590 2066 823 2104 amicitiam
845 2066 1111 2106 simulantes.
1139 2067 1178 2105 ei
1199 2066 1461 2106 subvenien-

169 2168 183 2199 1
214 2177 337 2208 neque
359 2192 388 2201 ..
403 2192 413 2202 .
433 2170 570 2202 claudit
594 2170 692 2203 Don.
716 2170 794 2203 Ter.
814 2171 905 2203 Ειιη.
926 2174 987 2202 164
1072 2171 1092 2203 2
1119 2171 1255 2203 claudit
1281 2179 1338 2203 res
1363 2171 1459 2203 Don.

168 2216 257 2248 add.
279 2215 411 2249 Carrio
503 2218 523 2249 5
551 2218 690 2250 scilicet
716 2219 802 2257 quia
822 2241 830 2250 .
846 2242 854 2250 .
873 2242 881 2250 .
903 2219 1104 2251 abstinetur
1129 2218 1229 2251 Serv.
1249 2219 1336 2250 Aen.
1360 2222 1458 2258 1,211

166 2263 307 2295 scilicet
326 2263 426 2296 Serv.
440 2274 511 2297 om.
526 2264 559 2297 V
610 2265 654 2297 19
674 2265 744 2297 nisi
765 2268 853 2297 ante
873 2266 1023 2305 egregia
1042 2266 1286 2298 addendum?
1335 2265 1379 2298 23
1395 2275 1459 2304 pa-

111 2319 187 2342 rum
214 2310 331 2343 Aldus
357 2320 472 2343 rarum
497 2311 530 2344 V
