1593 2496
119 65 174 104 42
550 60 589 97 C.
610 60 853 98 SALLUSTI
881 60 1038 98 CRISPI

120 183 264 221 neque
303 172 357 212 de
390 173 608 212 sociorum
642 174 822 214 iniuriis:
863 174 1035 214 libertas
1069 180 1109 215 et
1142 177 1288 215 anima
1320 181 1467 216 nostra

121 233 162 270 in
191 231 325 271 dubio
354 236 428 271 est.
1476 276 1478 279 ,

74 290 92 321 7
181 289 520 340 Saepenumero,
554 296 696 340 patres
724 294 965 342 conscripti,
992 293 1127 333 multa
1152 294 1286 333 verba
1313 294 1355 333 in
1382 294 1467 334 hoc

121 349 272 389 ordine
299 349 392 396 feci,
420 361 554 399 saepe
581 351 635 390 de
663 350 831 390 luxuria
857 357 988 401 atque
1016 353 1195 392 avaritia
1221 358 1476 396 nostrorum,

121 410 280 449 civium
308 414 489 458 questus
517 421 625 456 sum,
658 410 908 460 multosque
935 411 1127 451 mortalis
1155 423 1206 452 ea
1234 423 1366 451 causa
1392 413 1465 451 ad·
1502 418 1526 456 ,52

74 468 95 500 8
121 479 275 508 vorsos
302 468 458 508 habeo.
499 470 573 518 qui
600 469 705 508 mihi
733 474 864 518 atque
891 471 1038 510 animo
1066 482 1165 511 meo
1193 471 1354 511 nullius
1375 483 1465 510 um-

122 538 253 577 quam
275 527 418 566 delicti
440 528 620 577 gratiam
643 528 856 575 fecissem,
880 529 997 568 haud
1019 530 1143 569 facile
1164 530 1338 570 alterius
1359 530 1470 570 lubi-

75 586 94 618 9
123 587 212 625 dini
239 586 353 626 male
380 586 491 626 facta
519 587 838 627 condonabam.
878 588 955 628 sed
981 600 1032 628 ea
1052 590 1223 629 tametsi
1243 601 1324 629 vos
1346 591 1466 639 parvi

123 645 393 695 pendebatis,
432 652 578 686 tamen
618 658 684 686 res
724 647 899 696 publica
938 648 1059 687 firma
1099 653 1204 694 erat,
1244 648 1479 697 opulentia.

67 715 109 748 10
122 705 445 755 neglegentiam
478 705 700 745 tolerabat.
739 718 855 745 nunc
886 718 989 747 vero
1023 719 1110 747 non
1145 707 1188 746 id
1215 708 1365 757 agitur,
1391 708 1523 748 b0-10

122 765 248 803 nisne
281 775 335 803 an
364 764 489 803 malis
516 765 710 804 moribus
737 766 951 812 vivamus,
985 777 1129 816 neque
1156 772 1366 816 quantum
1394 771 1468 806 aut

124 835 255 873 quam
295 824 577 873 magnificum
619 825 847 874 imperium
883 825 1033 874 populi
1065 824 1249 865 Romani
1281 826 1351 871 sit,
1389 826 1467 865 sed

123 883 243 928 haec,
265 883 615 932 quoiuscumque
635 883 755 923 modi
776 884 987 930 videntur,
1008 890 1154 924 nostra
1168 896 1223 924 an
1239 885 1467 924 nobiscum

68 952 106 984 11
127 953 213 981 una
241 942 430 981 hostium
458 942 598 981 futura
631 944 725 982 sint.
771 943 839 982 hic
872 943 977 982 mihi
1008 945 1240 994 quisquam
1268 955 1468 984 mansue-

124 1001 318 1040 tudinem
350 1006 390 1041 et
423 1002 761 1042 misericordiam
796 1003 1003 1042 nominat.
1042 1004 1127 1042 iam
1155 1003 1321 1052 pridem
1350 1004 1468 1052 equi-
1491 1008 1525 1036 15

125 1060 224 1100 dem
265 1071 346 1100 nos
384 1072 487 1100 vera
518 1061 735 1100 vocabula
767 1072 907 1101 rerum
940 1063 1183 1101 amisimus:
1224 1063 1327 1112 quia
1352 1063 1470 1102 bona

124 1119 267 1159 aliena
294 1119 436 1170 largiri
464 1120 708 1166 liberalitas,
742 1120 952 1160 malarum
980 1132 1118 1160 rerum
1146 1121 1331 1161 audacia
1356 1121 1470 1161 forti-

67 1178 230 1220 12tudo
264 1184 455 1224 vocatur,
490 1191 542 1219 eo
576 1191 642 1219 res
671 1179 845 1228 publica
873 1181 914 1218 in
943 1185 1133 1220 extremo
1163 1181 1242 1219 sita
1271 1185 1346 1220 est.
1385 1181 1470 1220 sint

126 1249 249 1284 sane,
289 1239 497 1288 quoniam
532 1239 589 1278 ita
622 1250 669 1278 se
702 1250 844 1278 mores
878 1239 1050 1286 habent,
1083 1239 1282 1279 liberales
1316 1251 1368 1279 ex
1401 1251 1468 1279 so-

127 1298 289 1337 ciorum
317 1297 509 1344 fortunis,
537 1299 620 1337 sint
647 1298 948 1338 misericordes
976 1299 1017 1337 in
1045 1298 1208 1338 iuribus
1233 1299 1386 1339 aerari:
1413 1310 1469 1338 ne
1488 1303 1532 1342 ΞΕ).

127 1356 185 1395 illi
207 1358 467 1406 sanguinem
489 1362 683 1397 nostrum
705 1357 939 1407 largiantur
961 1363 1012 1403 et,
1039 1357 1142 1396 dum
1166 1359 1316 1407 paucis
1337 1357 1468 1397 scele-

127 1416 226 1455 ratis
255 1422 444 1465 parcunt,
471 1417 613 1456 bonos
640 1417 783 1456 omnis
812 1416 1024 1466 perditum
1053 1422 1164 1457 eant.

70 1484 111 1516 13
187 1474 305 1514 Bene
338 1480 379 1514 et
412 1476 638 1524 conposite
667 1474 709 1515 C.
731 1475 890 1515 Caesar
923 1475 1054 1524 paulo
1088 1482 1187 1516 ante
1221 1477 1263 1515 in
1297 1476 1380 1516 hoc
1407 1487 1470 1516 or-

128 1533 228 1573 dine
256 1534 310 1573 de
336 1535 425 1573 vita
452 1540 492 1574 et
519 1540 655 1574 morte
682 1535 894 1581 disseruit,
923 1535 1050 1575 credo
1072 1535 1181 1575 falsa
1202 1536 1470 1574 existumans

129 1604 191 1639 ea,
219 1604 332 1643 quae
360 1594 414 1633 de
442 1593 584 1633 inferis
612 1599 921 1634 memorantur:
949 1594 1123 1634 divorso
1152 1595 1301 1633 itinere
1328 1593 1467 1633 malos
1487 1599 1532 1636 25.

128 1663 153 1691 a
186 1652 313 1692 bonis
347 1653 443 1692 loca
475 1658 626 1699 taetra,
660 1653 836 1699 inculta,
870 1653 998 1693 foeda
1032 1658 1161 1702 atque
1188 1652 1471 1693 formidulosa

73 1721 114 1752 14
130 1711 301 1751 habere.
347 1713 493 1761 itaque
532 1713 698 1752 censuit
738 1714 945 1761 pecunias
985 1724 1133 1752 eorum
1173 1711 1470 1761 publicandas,

130 1771 249 1819 ipsos
289 1783 362 1820 per
401 1772 637 1821 municipia
672 1772 714 1810 in
749 1772 957 1811 custodiis
992 1771 1231 1817 habendos,
1269 1771 1471 1810 videlicet

129 1831 297 1876 timens,
330 1842 396 1876 ne,
430 1832 464 1869 si
492 1830 656 1870 Romae
689 1831 784 1876 sint,
817 1836 890 1870 aut
916 1842 941 1870 a
968 1830 1249 1879 popularibus
1277 1830 1471 1870 coniura-⁴

129 1889 258 1928 tionis
292 1895 363 1928 aut
397 1901 422 1928 a
455 1890 728 1929 multitudine
762 1890 976 1929 conducta
1003 1901 1076 1941 per
1108 1890 1196 1928 vim
1224 1890 1526 1938 eripiantur;30

73 1957 114 1987 15
131 1949 255 1997 quasi
285 1960 388 1987 vero
417 1949 518 1988 mali
546 1954 677 1997 atque
704 1949 873 1988 scelesti
901 1948 1202 1988 tantummodo
1231 1949 1272 1986 in
1300 1948 1404 1988 urbe
1431 1955 1472 1987 et

131 2018 219 2046 non
259 2018 334 2056 per
371 2013 505 2047 totam
539 2008 702 2047 Italiam
743 2009 838 2054 sint,
878 2013 949 2047 aut
987 2019 1074 2046 non
1114 2008 1171 2046 ibi
1206 2007 1303 2056 plus
1336 2009 1472 2056 possit

74 2062 117 2094 16
132 2066 326 2112 audacia,
354 2067 427 2106 ubi
455 2067 510 2105 ad
538 2066 865 2106 defendundum
889 2078 995 2116 opes
1023 2067 1210 2106 minores
1233 2071 1342 2105 sunt.
1369 2077 1472 2115 qua-

132 2136 176 2164 re
202 2135 363 2164 vanum
392 2126 596 2175 equidem
624 2126 707 2165 hoc
735 2126 963 2165 consilium
992 2130 1066 2171 est,
1093 2126 1128 2164 si
1156 2125 1392 2174 perieulum
1420 2135 1471 2164 ex

189 2219 209 2250 2
243 2216 310 2256 est]
343 2219 507 2258 fortasse
539 2224 632 2257 sunt,
665 2229 697 2251 υ.
723 2220 789 2258 Ay.
817 2223 876 2250 172
978 2218 1023 2250 20
1055 2220 1201 2251 sint
1222 2219 1334 2250 aerari
1365 2218 1472 2249 Arus.

130 2275 286 2308 gramm.
306 2265 363 2297 Vll
385 2270 457 2303 486,
471 2271 511 2297 24
585 2267 626 2297 21
656 2266 725 2297 illis
752 2266 829 2297 Yls
881 2266 1044 2298 scelestis
1064 2261 1149 2297 ΥΡ2
1221 2266 1265 2296 24
1287 2265 1395 2297 credo
1417 2289 1447 2296 ..
1463 2286 1472 2297 ι

131 2316 265 2347 habere
290 2312 384 2345 Non.
402 2323 439 2353 ρ.
458 2317 530 2352 317,
543 2317 584 2345 38
