1593 2496
375 55 580 92 BELLUM
608 54 972 92 mounrfflNUM
1000 60 1139 91 54—56
1379 64 1436 103 99

84 169 126 208 vi
155 180 266 218 opus
294 172 393 214 erat,
427 169 567 207 cuncti
595 168 791 214 aderant;
825 173 1025 213 ceterum,
1059 180 1146 218 quo
1175 169 1277 218 fuga
1304 174 1434 218 atque
1461 175 1482 206 7

83 228 270 268 formido
305 227 431 267 latius
465 232 684 273 cresceret,
716 227 877 267 divorsi
912 227 1112 277 agebant.
1158 239 1210 267 eo
1238 232 1434 277 tempore
1460 233 1482 266 8

85 287 287 337 Iugurtha
326 298 400 336 per
442 286 563 326 collis
602 287 738 337 sequi,
772 291 944 336 tempus
978 291 1051 326 aut
1087 287 1231 326 locum
1259 298 1434 336 pugnae

86 357 302 396 quaerere,
336 357 422 396 qua
453 350 681 386 venturum
718 345 888 386 hostem
916 346 1122 392 audierat,
1156 346 1365 395 pabulum
1394 351 1435 386 et

35 415 53 442 5
87 416 294 455 aquarum
309 406 450 451 fontis,
472 417 655 455 quorum
681 406 861 454 penuria
876 410 976 451 erat,
992 417 1277 455 corrumpere,
1299 406 1433 446 modo

83 476 130 504 se
170 464 346 505 Metello
388 465 601 504 interdum
642 464 778 504 Mario
819 465 1060 510 ostendere,
1107 469 1351 514 postremos
1391 466 1433 504 in

84 524 258 573 agmine
280 529 489 574 temptare
511 535 560 563 ac
581 524 724 563 statim
747 525 789 563 in
811 524 932 564 collis
954 525 1133 574 regredi,
1163 536 1305 563 rursus
1327 524 1434 571 aliis,

86 588 182 632 post
209 583 304 623 aliis
332 584 528 629 minitari,
554 595 698 633 neque
726 583 938 633 proelium
966 583 1106 623 facere
1131 595 1275 633 neque
1297 585 1433 623 otium

86 643 183 691 pati,
211 643 515 683 tantummodo
544 643 714 682 hostem
743 643 796 682 ab
826 644 998 692 incepto
1027 644 1219 683 retinere.

30 711 64 738 10
142 700 364 742 Romanus
391 703 622 751 imperator
649 702 722 741 ubi
750 713 797 742 se
825 702 937 742 dolis
961 702 1128 751 fatigari
1149 702 1268 742 videt
1289 705 1498 752 neque5ss

85 761 137 800 ab
172 761 298 801 hoste
326 762 496 811 copiam
526 761 750 810 pugnandi
780 761 882 807 fieri,
910 762 1059 801 urbem
1087 773 1293 811 magnam
1322 766 1363 801 et
1390 763 1432 801 in

84 831 134 860 ea
164 826 296 869 parte,
337 832 421 870 qua
456 822 537 860 sita
571 825 669 867 erat,
710 832 851 860 arcem
887 822 1006 870 regni
1040 822 1218 861 nomine
1251 820 1432 860 Zamam

82 881 228 919 statuit
262 891 527 930 oppugnare,
561 884 688 926 ratus,
722 880 763 919 id
798 880 917 930 quod
952 881 1176 929 negotium
1212 881 1433 930 poscebat,

82 938 330 988 Iugurtham
370 939 667 979 laborantibus
701 940 790 978 suis
823 939 985 979 auxilio
1020 944 1249 979 venturum
1285 940 1432 989 ibique

28 1006 61 1033 15
84 998 294 1047 proelium
316 998 417 1038 fore.
457 1003 499 1038 at
520 999 602 1044 ille,
629 1009 743 1048 quae
764 999 1025 1048 parabantur
1045 1010 1070 1038 a
1092 999 1281 1049 perfugis
1304 999 1431 1039 edoc-
1458 1005 1478 1035 2

82 1062 161 1103 tus,
196 1059 365 1108 magnis
398 1058 622 1097 itineribus
649 1057 872 1098 Metellum
904 1059 1136 1098 antevenit.
1183 1059 1432 1108 oppidanos

81 1116 284 1163 hortatur,
323 1118 499 1157 moenia
540 1117 787 1163 defendant,
827 1117 985 1157 additis
1028 1118 1189 1158 auxilio
1230 1118 1432 1167 perfugis,

81 1177 200 1225 quod
234 1188 372 1226 genus
407 1187 458 1216 ex
489 1177 626 1225 copiis
655 1178 778 1226 regis,
812 1177 914 1226 quia
940 1177 1087 1216 fallere
1114 1177 1334 1227 nequibat,
1368 1177 1432 1216 fir-

81 1236 341 1275 missumum
369 1240 475 1281 erat;
503 1240 724 1285 praeterea
751 1236 977 1285 pollicetur
1004 1238 1046 1276 in
1075 1241 1270 1285 tempore
1293 1241 1432 1276 semet

26 1302 61 1329 20
81 1306 177 1334 curn
207 1296 393 1334 exercitu
420 1295 580 1335 adfore.
620 1296 677 1334 ita
705 1296 944 1344 conpositis
965 1296 1093 1335 rebus
1115 1296 1158 1334 in
1180 1295 1277 1335 loca
1299 1307 1430 1345 quam
1458 1301 1479 1332 3

80 1365 284 1393 maxume
312 1354 480 1394 occulta
507 1354 700 1400 discedit,
728 1366 778 1394 ac
805 1359 903 1403 post
931 1354 1062 1404 paulo
1091 1356 1316 1405 cognoscit
1343 1355 1432 1394 Ma-

81 1413 189 1452 rium
211 1425 263 1453 ex
284 1414 434 1453 itinere
455 1413 761 1453 frumentatum
784 1425 881 1453 cum
905 1414 1055 1463 paucis
1077 1415 1328 1454 cohortibus
1345 1413 1432 1454 Sic-

82 1483 176 1511 cam
201 1473 394 1518 missum,
422 1473 541 1522 quod
563 1473 775 1522 oppidum
798 1474 983 1522 primum
1006 1475 1202 1513 omnium
1224 1478 1323 1523 post
1344 1485 1432 1513 ma-

80 1531 165 1570 lam
193 1542 386 1581 pugnam
414 1532 468 1571 ab
496 1543 597 1582 rege
625 1532 850 1572 defecerat.
897 1544 950 1572 eo
980 1544 1077 1572 cum
1106 1533 1284 1572 delectis
1312 1534 1431 1582 equi-
1458 1550 1478 1581 4

25 1598 61 1625 36
80 1591 193 1630 tibus
214 1596 345 1631 noctu
367 1591 504 1640 pergit
525 1596 565 1630 et
586 1592 671 1630 iam
687 1591 1010 1641 egredientibus
1026 1592 1233 1632 Romanis
1249 1593 1291 1631 in
1308 1597 1432 1641 porta

80 1661 273 1699 pugnam
301 1650 411 1696 facit,
438 1649 563 1689 simul
590 1662 750 1700 magna
770 1662 880 1691 voce
902 1650 1117 1691 Siccensis
1139 1651 1341 1697 hortatur,
1369 1653 1430 1691 uti

81 1709 268 1749 cohortis
290 1710 343 1748 ab
366 1714 486 1759 tergo
509 1710 863 1750 circumveniant:
886 1710 1101 1750 fortunam
1124 1710 1206 1750 illis
1223 1710 1430 1759 praeclari

80 1767 280 1808 facinoris
303 1780 451 1808 casum
474 1769 597 1814 dare;
619 1770 652 1808 si
674 1769 717 1808 id
733 1770 919 1815 fecerint,
942 1774 1095 1818 postea
1110 1781 1207 1810 sese
1223 1771 1265 1808 in
1281 1781 1430 1820 regno.

82 1826 177 1867 illos
204 1828 248 1866 in
274 1828 468 1868 libertate
495 1829 588 1868 sine
615 1833 732 1868 metu
759 1833 945 1868 aetatem
974 1834 1156 1869 acturos.
1195 1841 1245 1868 ac
1272 1830 1314 1868 ni
1343 1829 1429 1868 Ma·
1456 1846 1477 1877 5

26 1895 62 1922 30
83 1887 167 1925 rius
200 1888 325 1936 signa
351 1887 504 1927 inferre
532 1892 662 1936 atque
690 1888 876 1927 evadere
905 1888 1069 1937 oppido
1100 1889 1429 1937 properavisset,

81 1945 274 1994 profecto
303 1947 442 1985 cuncti
471 1951 543 1985 aut
571 1958 730 1996 magna
758 1958 855 1996 pars
883 1945 1151 1986 Siccensium
1178 1947 1311 1987 fidem
1339 1960 1430 1987 mu-

80 2005 306 2044 tavissent:
346 2009 465 2044 tanta
498 2006 738 2045 mobilitate
771 2017 868 2045 sese
895 2005 1112 2046 Numidae
1139 2012 1304 2057 gerunt.
1350 2007 1427 2046 sed
1455 2012 1476 2042 6

81 2063 238 2103 milites
252 2063 500 2113 Iugurthini,
519 2065 738 2114 paulisper
753 2065 807 2104 ab
823 2076 924 2114 rege
941 2067 1178 2112 sustentati,
1195 2070 1429 2115 postquam

81 2123 244 2163 maiore
259 2124 302 2162 vi
318 2123 464 2163 hostes
478 2130 642 2173 urgent,
659 2125 808 2173 paucis
821 2126 992 2163 amissis
1006 2125 1175 2175 profugi
1188 2125 1429 2165 discedunt.

141 2262 184 2294 24
211 2263 256 2295 ab
284 2272 368 2302 rege
395 2264 577 2296 defecerat
602 2264 716 2296 Prisc.
737 2274 894 2303 mamm.
915 2264 948 2296 ΙΙ
965 2268 1036 2303 404,
1054 2269 1092 2297 10
1180 2265 1224 2297 29
1253 2274 1294 2297 ac
1315 2266 1351 2296 ni
1375 2290 1404 2297 ..
1421 2289 1429 2297 .

83 2311 319 2342 mutavissent
344 2311 438 2343 Non.
458 2321 494 2350 ρ.
515 2315 641 2348 293,10
714 2312 757 2343 32
786 2314 915 2350 gerunt
941 2312 1059 2343 XKls
1087 2316 1200 2352 agunt
1226 2314 1304 2344 rell.
