1593 2496
394 44 667 81 CATILINAE
695 42 1013 80 CONIURATlo
1041 46 1180 79 33—36
1403 48 1460 88 27

109 164 235 198 vatus
263 162 421 197 statum
444 157 665 207 dignitatis
686 167 775 196 non
797 156 1063 201 obtinebam,
1092 155 1310 205 publicam
1332 156 1460 196 mise-

110 229 251 258 rorum
274 228 450 256 causam
474 228 550 266 pro
572 227 670 255 mea
691 215 1010 255 consuetudine
1030 216 1216 264 suscepi,
1242 225 1331 254 non
1352 216 1460 264 quin

109 288 184 317 aes
211 276 401 316 alienum
429 277 538 315 meis
565 275 817 316 nominibus
839 286 890 314 ex
912 275 1268 324 possessionibus
1289 273 1461 314 solvere

108 348 195 376 non
219 347 395 385 possem
412 355 467 360 ——
484 340 524 375 et
544 335 697 374 alienis
716 334 967 374 nominibus
982 333 1215 374 liberalitas
1231 332 1462 374 Orestillae

70 403 88 428 5
108 397 197 434 suis
227 395 431 444 filiaeque
464 395 601 444 copiis
634 393 898 444 persolveret
926 413 979 419 —
1007 393 1086 433 sed
1123 393 1243 443 quod
1276 404 1364 433 non
1398 392 1460 432 di-

106 465 218 504 gnos
246 454 446 494 homines
474 454 639 494 honore
667 452 922 493 honestatos
942 452 1149 493 videbam
1171 463 1331 502 meque
1351 452 1460 492 falsa

107 515 357 563 suspicione
379 513 614 553 alienatum
636 524 733 552 esse
754 512 1009 552 sentiebam.
1047 512 1132 552 hoc
1152 513 1331 552 nomine
1351 512 1456 551 satis
1483 516 1504 547 4

107 573 315 613 honestas
342 584 419 622 pro
447 584 545 612 meo
575 583 678 611 casu
703 583 804 621 spes
832 572 1025 622 reliquae
1046 571 1268 622 dignitatis
1289 582 1461 612 conser-

106 633 279 672 vandae
306 644 402 671 sum
424 636 610 672 secutus.
650 631 772 681 plura
794 642 927 681 quom
949 631 1135 671 scribere
1154 630 1327 678 vellem,
1352 642 1461 670 nun·
1487 634 1508 666 5

55 698 88 725 10
106 693 257 731 tiatum
280 696 343 731 est
363 692 451 730 vim
473 690 578 730 mihi
601 692 750 740 parari.
790 702 905 730 nunc
926 689 1171 730 Orestillam
1194 689 1458 730 commendo
1486 693 1508 725 θ

107 756 295 800 tuaeque
317 751 418 790 fidei
439 750 581 797 trado;
603 761 699 790 earn
722 750 776 789 ab
794 751 949 789 iniuria
964 750 1188 797 defendas,
1211 761 1286 799 per
1299 749 1460 789 liberos

106 816 205 850 tuos
232 815 420 860 rogatus.
460 806 647 850 haveto.'

167 869 253 909 Sed
274 870 369 919 ipse
390 880 555 919 paucos
578 869 672 908 dies
695 874 974 909 conmoratus
995 869 1113 918 apud
1136 867 1178 909 C.
1200 868 1460 908 Flaminium
1475 866 1532 908 36

107 929 149 967 in
188 940 293 979 agro
319 929 530 975 Arretino,
569 929 673 967 dum
713 929 978 968 vicinitatem
1023 933 1151 968 antea
1185 927 1460 968 sollicitatam

54 995 86 1021 15
107 989 235 1027 armis
263 993 452 1034 exornat,
484 999 581 1027 cum
609 987 799 1027 fascibus
827 991 958 1037 atque
985 987 1081 1027 aliis
1108 988 1260 1037 imperi
1282 987 1461 1037 insigni-

108 1048 186 1086 bus
220 1048 263 1086 in
296 1052 433 1087 castra
459 1047 514 1086 ad
542 1047 752 1086 Manlium
781 1046 1015 1086 contendit.
1055 1047 1165 1086 haec
1190 1047 1265 1086 ubi
1291 1046 1458 1087 Romae
1484 1048 1506 1080 2

106 1112 326 1156 comperta
365 1112 475 1153 sunt,
515 1112 692 1146 senatus
727 1105 956 1146 Catilinam
1000 1111 1041 1146 et
1074 1106 1283 1145 Manlium
1322 1106 1460 1146 hostis

105 1166 278 1212 iudicat,
299 1171 466 1206 ceterae
488 1166 752 1205 multitudini
773 1165 889 1205 diem
912 1166 1069 1211 statuit,
1091 1172 1191 1205 ante
1212 1176 1345 1215 quam
1363 1166 1459 1205 sine

104 1225 254 1265 fraude
281 1225 426 1265 liceret
453 1226 507 1265 ab
535 1226 664 1264 armis
693 1224 918 1264 discedere
945 1230 1112 1274 praeter
1138 1236 1278 1265 rerum
1301 1225 1462 1274 capita-

49 1290 84 1317 20
104 1284 208 1324 lium
237 1285 553 1326 condemnatis.
593 1289 814 1333 praeterea
841 1284 1044 1331 decernit,
1077 1285 1137 1324 uti
1165 1284 1370 1324 consules
1397 1283 1458 1323 di-
1484 1281 1508 1318 3

104 1344 263 1383 lectum
292 1344 495 1390 habeant,
521 1343 738 1384 Antonius
766 1355 864 1382 cum
892 1344 1080 1383 exercitu
1108 1342 1338 1384 Catilinam
1366 1354 1461 1393 per-

104 1403 228 1452 sequi
256 1408 451 1447 maturet‚
480 1402 628 1443 Cicero
657 1403 749 1442 urbi
772 1402 990 1452 praesidio
1018 1403 1082 1443 sit.

163 1462 223 1501 Ea
251 1466 509 1511 tempestate
536 1463 640 1501 mihi
668 1463 897 1511 imperium
925 1462 1077 1511 populi
1105 1461 1290 1502 Romani
1318 1462 1455 1501 multo
1483 1463 1506 1496 4

103 1532 307 1561 maxume
334 1521 580 1561 miserabile
606 1522 749 1560 visum
772 1526 847 1561 est.
886 1522 990 1571 quoi
1012 1532 1147 1571 quom
1169 1521 1224 1561 ad
1248 1532 1457 1562 occasum

47 1586 83 1613 25
102 1581 158 1620 ab
186 1585 279 1620 ortu
307 1581 411 1620 solis
436 1582 584 1620 omnia
604 1581 768 1621 domita
790 1581 919 1620 armis
941 1587 1150 1630 parerent,
1177 1581 1296 1620 domi
1319 1581 1458 1620 otium

103 1644 234 1689 atque
261 1640 449 1686 divitiae,
477 1651 590 1689 quae
617 1640 754 1690 prima
780 1640 984 1680 mortales
1012 1645 1176 1689 putant,
1202 1639 1459 1686 adimerent,

102 1699 219 1738 fuere
253 1704 397 1739 tamen
432 1700 561 1745 cives,
595 1700 668 1749 qui
701 1710 837 1749 seque
869 1710 1049 1749 remque
1076 1699 1297 1748 publicam
1326 1698 1459 1739 obsti-

162 1874 177 1905 1
208 1875 308 1913 publ.
330 1876 407 1906 mis.
429 1884 589 1907 causam.
611 1876 748 1915 ΡονρΙι.
768 1875 857 1908 Hor.
879 1885 992 1907 carm.
1012 1879 1043 1914 2,
1057 1879 1088 1914 8,
1103 1879 1123 1907 6
1192 1874 1380 1914 publicam
1403 1899 1411 1906 .
1427 1898 1435 1906 .
1451 1898 1461 1907 .

101 1923 248 1961 suscepi
281 1922 397 1955 Prisc.
417 1932 573 1963 yramm.
594 1923 644 1954 Ill
659 1926 733 1961 321,
746 1926 787 1954 20
884 1923 904 1954 2
932 1920 1035 1962 quin]
1063 1919 1172 1963 quim
1197 1923 1284 1961 quia
1311 1915 1461 1954 B²K²H

100 1963 190 2000 F²1s
265 1969 285 2001 4
312 1978 387 2002 non
415 1979 562 2009 possem
583 1970 784 2002 VXNKls
805 1979 880 2002 non
901 1980 930 2002 s.
951 1980 980 2002 s.
1002 1971 1057 2002 vel
1078 1979 1147 2002 om.
1171 1966 1290 2001 Arm
1335 1971 1372 2001 et
1390 1968 1461 2001 vl>

100 2011 256 2047 A21‘1m
282 2017 348 2048 sed
367 2013 419 2049 Αι
445 2018 511 2050 sed
537 2021 573 2050 et
594 2017 698 2049 CBN
725 2021 862 2050 etcum
882 2017 913 2049 K
933 2026 1014 2050 curn
1036 2020 1073 2049 et
1091 2016 1152 2049 Hs
1173 2025 1254 2049 curn
1275 2017 1312 2048 in
1334 2025 1413 2048 ras.
1434 2015 1462 2047 F

160 2064 181 2095 4
202 2064 386 2097 orestiliae
412 2064 444 2097 V
495 2065 538 2096 10
558 2065 754 2097 orestillam
770 2065 835 2096 tibi
851 2064 1117 2098 commendov
1169 2064 1212 2096 14
1226 2064 1384 2096 arretino
1405 2058 1460 2095 Al

101 2111 255 2143 reatinio
275 2110 303 2142 P
339 2113 479 2144 reatino
506 2107 557 2144 Α2
571 2113 649 2144 rell.
749 2111 791 2144 18
818 2114 962 2144 ceterae
983 2137 990 2144 .
1007 2137 1014 2144 .
1031 2136 1039 2143 .
1060 2111 1319 2144 condemnatis
1351 2110 1459 2143 Aras.

98 2167 257 2197 yramm.
276 2158 334 2190 Vll
346 2163 418 2198 499,
434 2163 472 2191 13
533 2162 729 2198 antequam
746 2184 753 2192 .
769 2184 776 2191 .
793 2184 800 2192 .
817 2160 1007 2192 discedere
1028 2168 1098 2192 om.
1115 2159 1223 2191 Aras.
1290 2157 1333 2190 19
1354 2166 1458 2197 prae-

100 2208 152 2236 ter
167 2230 174 2237 .
190 2229 198 2237 .
214 2230 221 2236 .
237 2206 492 2238 condemnatis
518 2207 629 2239 Prob.
644 2208 730 2238 inst.
744 2216 902 2246 gramm.
916 2206 965 2238 IV
976 2210 1076 2245 149,9
1097 2205 1250 2239 Cledon.
1266 2214 1424 2245 gramm.
1437 2205 1465 2237 V

102 2255 149 2290 76,
166 2256 214 2284 14.
251 2256 300 2291 78,
316 2257 357 2285 16
387 2254 515 2293 Pomp.
540 2264 696 2294 gramm.
717 2253 743 2285 V
771 2257 897 2286 278.22
929 2253 1044 2286 Prisc.
1059 2263 1167 2293 yram
1178 2262 1223 2285 m.
1244 2252 1294 2284 Ill
1324 2255 1395 2292 188,
1411 2256 1461 2285 14.

97 2302 170 2337 343,
187 2303 235 2331 12.
261 2303 385 2339 354,21
439 2302 705 2333 condemnatos
732 2295 841 2333 ΑῙΝε

1174 2354 1227 2392 3*
