1593 2496
117 55 174 94 40
550 47 589 84 C.
610 48 852 85 SALLusn
881 47 1038 85 CRISPI

118 166 350 207 creverant,
384 162 567 211 iugulari
601 162 735 207 iussit,
768 162 865 210 quis
892 172 980 200 non
1007 162 1167 201 factum
1195 163 1288 201 eius
1315 161 1463 201 lauda-

118 221 219 260 bat?
263 220 464 260 homines
498 221 707 260 scelestos
742 226 782 260 et
814 220 1038 267 factiosos,
1072 222 1145 271 qui
1174 220 1462 260 seditionibus

118 291 206 320 rem
246 280 465 329 publicam
499 281 841 330 exagitaverant,
880 281 1031 319 merito
1066 285 1244 320 necatos
1277 280 1462 320 aiebant.

55 342 103 375 33
119 339 197 379 sed
225 350 278 379 ea
303 350 370 379 res
390 350 578 389 magnae
600 340 767 378 initium
789 338 924 378 cladis
946 339 1033 378 fuit.
1072 350 1173 378 nam
1194 340 1254 378 uti
1276 339 1463 388 quisque

120 399 300 438 domum
344 403 418 437 aut
455 398 623 444 villam,
669 403 888 447 postremo
927 409 1005 437 vas
1044 404 1118 437 aut
1154 399 1462 438 vestimentum
1499 409 1518 436 5

119 457 337 507 aliquoius
359 459 679 506 concupiverat,
700 457 831 496 dabat
853 468 1042 506 operam,
1063 459 1124 497 uti
1145 458 1180 496 is
1197 458 1238 496 in
1255 458 1464 507 proscrip-

58 520 104 552 34
120 523 260 557 torum
293 528 475 556 numero
510 522 636 556 esset.
676 517 733 555 ita
766 517 837 562 illi,
870 516 1029 565 quibus
1057 516 1314 566 Damasippi
1346 527 1462 556 mors

119 576 307 616 laetitiae
346 576 500 626 fuerat,
549 576 680 625 paulo
722 581 820 624 post
859 576 940 624 ipsi
979 575 1274 621 trahebantur,
1319 587 1463 625 neque

119 636 236 684 prius
269 635 367 674 finis
402 635 627 685 iugulandi
661 635 749 680 fuit,
782 646 913 684 quam
942 634 1061 674 Sulla
1095 636 1237 674 omnis
1271 646 1375 674 suos
1403 634 1464 674 di-

53 697 102 729 35
118 695 232 733 vitiis
260 694 460 743 explevit.
499 700 629 744 atque
658 705 740 744 ego
768 693 878 734 haec
904 705 992 733 non
1017 695 1059 733 in
1081 694 1136 734 M.
1157 694 1298 734 Tullio
1319 705 1464 743 neque
1484 705 1518 733 ιο

118 754 184 793 his
210 754 479 802 temporibus
506 765 669 799 vereor,
699 753 776 793 sed
805 754 846 792 in
875 764 1036 802 magna
1063 754 1236 793 civitate
1263 753 1397 792 multa
1424 757 1464 793 et

52 815 101 847 36
118 814 237 852 varia
270 814 446 862 ingenia
479 818 589 852 sunt.
630 817 773 862 potest
805 813 890 852 alio
918 818 1126 861 tempore,
1158 813 1244 852 alio
1272 812 1463 858 consule,

119 873 223 921 quoi
263 873 365 911 item
400 873 611 912 exercitus
646 873 688 911 in
721 883 853 911 manu
888 872 958 917 sit,
998 871 1154 911 falsum
1189 871 1353 921 aliquid
1387 882 1463 920 pro

118 943 220 971 vero
244 931 369 971 credi.
403 932 477 970 ubi
499 932 582 971 hoc
604 931 805 980 exemplo
828 942 902 980 per
924 936 1100 970 senatus
1122 931 1341 971 decretum
1364 941 1464 970 con-

119 991 185 1030 sul
218 991 412 1040 gladium
447 991 654 1037 eduxerit,
687 992 784 1040 quis
818 990 876 1029 illi
910 990 1042 1030 finem
1077 995 1233 1030 statuet
1266 995 1339 1029 aut
1366 990 1463 1039 quis
1484 998 1518 1025 15

119 1050 441 1090 moderabitur?

52 1111 100 1142 -37
177 1109 364 1149 Maiores
385 1110 530 1155 nostri,
553 1114 694 1158 patres
715 1109 957 1157 conscripti,
979 1120 1123 1158 neque
1144 1108 1297 1148 consili
1319 1119 1462 1157 neque

118 1169 329 1208 audaciae
357 1179 565 1218 umquam
595 1179 769 1218 eguere;
805 1179 950 1217 neque
977 1168 1060 1207 illis
1088 1168 1292 1217 superbia
1319 1167 1464 1207 obsta-

119 1229 202 1273 bat,
235 1239 322 1277 quo
357 1229 500 1266 minus
534 1228 677 1266 aliena
705 1228 909 1273 instituta,
943 1228 977 1266 si
1006 1227 1139 1267 modo
1168 1227 1305 1276 proba
1332 1231 1463 1272 erant,

51 1288 392 1327 138imitarentur.
433 1298 552 1326 arma
585 1292 715 1336 atque
749 1286 834 1326 tela
866 1286 1066 1325 militaria
1099 1287 1153 1325 ab
1182 1285 1515 1332 Samnitibus‚2o

118 1347 306 1396 insignia
333 1347 663 1396 magistratuum
692 1346 746 1385 ab
768 1345 920 1385 Tuscis
942 1345 1151 1398 pleraque
1173 1349 1462 1394 sumpserunt.

119 1411 351 1455 postremo,
374 1406 492 1455 quod
514 1406 678 1454 ubique
699 1405 817 1454 apud
839 1406 984 1445 socios
1006 1410 1080 1444 aut
1101 1405 1238 1445 hostis
1254 1404 1462 1444 idoneum

118 1465 364 1510 videbatur,
409 1476 507 1504 cum
553 1476 727 1504 summo
773 1464 917 1504 studio
958 1465 1078 1503 domi
1118 1464 1462 1512 exequebantur:

58 1526 103 1557 39
120 1525 273 1563 imitari
301 1535 433 1573 quam
461 1524 655 1563 invidere
683 1524 810 1563 bonis
837 1523 1069 1563 malebant.
1110 1523 1187 1563 sed
1210 1523 1366 1562 eodem
1389 1522 1461 1562 illo

116 1589 312 1632 tempore
346 1582 553 1623 Graeciae
593 1594 757 1622 morem
798 1583 948 1622 imitati
981 1583 1233 1622 verberibus
1267 1581 1516 1620 animad-25

118 1643 346 1683 vortebant
385 1643 427 1681 in
462 1643 583 1689 civis,
624 1642 678 1681 de
712 1642 1014 1681 condemnatis
1048 1653 1266 1681 summum
1301 1640 1463 1689 suppli-

120 1703 233 1741 cium
280 1702 522 1741 sumebant.
584 1706 817 1750 postquam
862 1712 929 1740 res
975 1701 1148 1750 publica
1190 1699 1381 1739 adolevit
1424 1704 1465 1739 et

57 1775 103 1806 40
118 1761 392 1800 multitudine
426 1762 584 1800 civium
619 1760 833 1800 factiones
859 1760 1047 1806 valuere,
1080 1760 1375 1799 circumveniri
1403 1759 1464 1797 in-

117 1825 344 1865 nocentes,
390 1820 475 1859 alia
513 1820 695 1859 huiusce
735 1819 855 1859 modi
894 1819 985 1859 fieri
1025 1829 1226 1868 coepere,
1265 1823 1355 1857 tum
1395 1817 1464 1857 lex

118 1879 267 1919 Porcia
312 1879 512 1928 aliaeque
558 1879 678 1929 leges
717 1884 892 1928 paratae
932 1883 1047 1924 sunt,
1093 1878 1251 1927 quibus
1290 1877 1517 1927 legibusso

52 1942 102 1973 41
123 1938 298 1978 exilium
339 1938 555 1977 damnatis
596 1939 854 1987 permissum
890 1943 964 1977 est.
1011 1948 1094 1987 ego
1128 1937 1241 1976 hanc
1274 1947 1463 1981 causam,

120 2002 262 2047 patres
303 1999 550 2047 conscripti,
591 2008 678 2047 quo
712 1998 856 2036 minus
889 2008 1053 2036 novom
1087 1995 1316 2036 consilium
1350 1995 1463 2044 capi-

177 2114 198 2145 4
223 2114 364 2145 initium
398 2123 554 2154 magnae
589 2114 702 2147 cladis
727 2113 760 2145 V
857 2114 877 2145 5
910 2122 974 2145 vas
994 2136 1026 2145 ..
1041 2136 1049 2144 .
1070 2113 1330 2151 concupiverat
1353 2111 1463 2144 Prob.

119 2163 205 2193 inst.
224 2171 384 2200 yramm.
402 2161 450 2193 IV
474 2166 598 2200 125,2.9
671 2161 692 2191 6
720 2162 749 2193 is
775 2171 805 2192 s.
825 2170 855 2193 s.
875 2160 984 2192 PAN
1058 2159 1079 2190 9
1105 2159 1171 2191 fuit
1195 2159 1228 2192 V
1303 2159 1346 2191 10
1371 2159 1463 2190 haec

118 2217 189 2247 ego
216 2208 248 2239 V
344 2209 386 2240 13
414 2218 542 2240 manus
567 2208 643 2240 XM
670 2206 702 2245 (s
723 2217 818 2240 eras.
845 2206 935 2247 PM)
1035 2207 1077 2238 14
1103 2207 1220 2239 senati
1248 2206 1275 2238 C
1299 2207 1463 2246 fortasse

119 2258 214 2287 recte
312 2255 356 2286 28
392 2257 641 2287 circumveniri
674 2255 706 2287 V
733 2256 992 2287 circumvenire
1024 2255 1102 2286 rell.
1193 2254 1234 2286 31
1271 2262 1341 2293 ego
1368 2254 1462 2284 hanc

117 2302 350 2334 VBHDFls
377 2303 472 2333 hanc
499 2312 568 2341 ego
592 2302 811 2334 PACNTm
840 2303 933 2333 hanc
961 2311 1046 2340 ergo
1073 2301 1179 2332 KMn
