1593 2496
363 86 566 122 BELLUM
596 85 959 122 luoURTfflNUM
987 89 1127 121 21—24
1359 91 1414 130 73

63 201 282 246 infestum,
314 199 445 239 auxili
481 209 604 248 spem
635 198 811 243 nullam,
845 198 1025 247 penuria
1052 209 1192 237 rerum
1220 208 1419 237 necessa-

67 261 222 299 riarum
250 258 412 299 bellum
441 258 548 297 trahi
576 268 664 297 non
693 268 836 306 posse,
870 268 923 296 ex
949 257 1012 303 iis,
1045 257 1118 306 qui
1147 267 1234 296 una
1261 255 1417 296 Cirtam

67 319 356 369 profugerant,
383 318 495 358 duos
521 327 726 356 maxume
753 318 947 366 inpigros
974 316 1153 366 delegit;
1181 327 1257 356 eos
1284 315 1419 355 multa

67 377 315 428 pollicendo
337 388 388 416 ac
409 376 658 416 miserando
680 387 829 415 casum
852 386 978 415 suom
1002 375 1241 422 confirmat,
1262 376 1322 414 uti
1345 386 1420 425 per

21 448 41 474 5
65 437 256 477 hostium
293 437 557 476 munitiones
594 440 725 476 noctu
761 435 816 474 ad
854 446 1114 484 proxumum
1152 445 1282 481 mare,
1318 434 1419 473 dein

66 496 248 536 Romam
283 500 521 546 pergerent.
565 494 783 534 Numidae
818 496 967 543 paucis
1001 494 1156 534 diebus
1183 495 1302 533 iussa
1329 493 1483 534 effi-24

64 556 192 595 ciunt.
239 554 403 595 litterae
435 554 694 594 Adherbalis
722 556 763 592 in
799 558 950 593 senatu
987 555 1200 600 recitatae,
1234 564 1418 604 quarum

65 616 280 655 sententia
307 614 416 654 haec
442 614 536 653 fuit:

127 670 239 714 ‘Non
274 685 372 713 mea
405 673 533 722 culpa
559 684 693 722 saepe
720 673 774 711 ad
802 684 882 712 vos
911 678 1078 712 oratum
1106 673 1243 718 mitto,
1276 676 1418 721 patres
1447 680 1466 711 2

12 743 47 771 lo
67 734 308 782 conscripti,
335 733 412 773 sed
436 734 503 772 vis
524 733 754 782 Iugurthae
775 733 947 781 subigit,
975 743 1106 781 quem
1128 736 1247 771 tanta
1267 731 1417 771 lubido

65 792 346 843 extinguendi
380 803 450 832 me
483 793 651 837 invasit,
685 797 729 830 ut
762 803 907 841 neque
942 802 1023 831 vos
1051 802 1195 841 neque
1222 791 1330 831 deos
1357 791 1418 830 in-

65 852 257 892 mortalis
273 853 315 891 in
331 853 477 891 animo
494 851 664 896 habeat,
683 852 942 901 sanguinem
959 862 1105 890 meum
1122 861 1254 900 quam
1270 850 1419 890 omnia

65 912 195 951 malit.
240 913 387 961 itaque
420 912 617 960 quintum
653 912 737 949 iam
772 921 968 950 mensem
1002 910 1147 950 socius
1182 914 1223 950 et
1249 911 1416 949 amicus
1445 918 1467 949 3

66 971 216 1020 populi
243 970 427 1010 Romani
454 971 583 1009 armis
610 970 819 1009 obsessus
845 974 1013 1015 teneor;
1040 980 1185 1019 neque
1212 968 1316 1008 mihi
1339 968 1416 1008 Mi-

13 1041 47 1067 15
66 1032 212 1079 cipsae
245 1031 375 1079 patris
402 1031 487 1069 mei
515 1029 728 1069 beneficia
754 1040 900 1078 neque
924 1034 1072 1069 vostra
1098 1028 1271 1068 decreta
1299 1029 1417 1067 auxi-

67 1089 238 1134 liantur;
265 1089 372 1129 ferro
401 1100 455 1128 an
482 1089 598 1128 fame
624 1089 763 1127 acrius
791 1099 956 1138 urgear,
984 1089 1170 1127 incertus
1199 1099 1308 1127 sum.

126 1148 250 1188 Plura
289 1149 344 1188 de
381 1148 584 1198 Iugurtha
622 1148 807 1188 scribere
846 1148 1096 1187 dehortatur
1134 1158 1205 1186 me
1244 1147 1416 1187 fortuna
1444 1156 1463 1186 4

68 1219 176 1254 mea,
210 1213 250 1247 et
283 1209 369 1247 iam
402 1212 530 1247 antea
563 1212 765 1256 expertus
798 1219 893 1246 sum
927 1218 1079 1257 parurn
1113 1206 1215 1246 fidei
1249 1207 1418 1246 miseris

66 1278 181 1312 esse;
215 1268 295 1306 nisi
330 1272 475 1306 tamen
509 1267 714 1315 intellego
743 1266 863 1305 illum
891 1277 1021 1315 supra
1049 1277 1180 1315 quam
1209 1276 1292 1315 ego
1321 1277 1417 1305 sum
1445 1275 1465 1306 5

12 1336 49 1364 20
71 1332 214 1376 petere
235 1337 379 1376 neque
400 1326 529 1365 simul
551 1327 784 1365 amicitiam
804 1330 996 1365 vostram
1019 1330 1060 1365 et
1075 1336 1255 1375 regnum
1271 1336 1418 1364 meum

68 1396 251 1435 sperare.
291 1390 432 1425 utrum
454 1387 628 1435 gravius
650 1386 892 1431 existumet,
918 1385 1081 1424 nemini
1103 1384 1320 1424 occultum
1343 1389 1418 1424 est.

67 1456 168 1484 nam
201 1446 322 1484 initio
357 1445 514 1484 occidit
541 1444 839 1493 Hiempsalem
866 1444 1037 1483 fratrem
1064 1455 1224 1490 meum,
1257 1443 1419 1483 deinde
1446 1453 1467 1482 6

68 1505 205 1554 patrio
233 1515 366 1553 regno
395 1515 464 1543 me
492 1504 666 1553 expulit.
712 1515 826 1554 quae
853 1515 958 1543 sane
985 1503 1141 1542 fuerint
1161 1508 1336 1543 nostrae
1357 1504 1418 1541 in-

63 1564 211 1609 iuriae,
234 1563 337 1602 nihil
360 1563 414 1602 ad
435 1574 527 1603 vos.
553 1574 704 1602 verum
732 1574 848 1602 nunc
867 1563 1061 1603 vostrum
1084 1574 1265 1612 regnum
1287 1563 1418 1602 armis
1446 1571 1465 1601 7

13 1631 49 1659 25
70 1627 201 1668 tenet;
235 1634 316 1668 me,
350 1633 480 1672 quem
513 1634 593 1662 vos
628 1623 931 1672 imperatorem
964 1622 1165 1661 Numidis
1199 1622 1419 1671 posuistis,

67 1682 263 1722 clausum
280 1682 468 1726 obsidet:
487 1681 727 1731 legatorum
742 1682 876 1722 verba
891 1682 1040 1731 quanti
1056 1681 1213 1727 fecerit,
1229 1681 1419 1730 pericula

68 1752 166 1781 mea
198 1741 429 1781 declarant.
475 1741 577 1790 quid
605 1745 671 1780 est
696 1741 908 1790 reliquom
936 1742 1017 1780 nisi
1044 1741 1110 1779 vis
1136 1745 1296 1786 vostra,
1328 1751 1416 1789 quo
1445 1748 1464 1779 8

68 1802 233 1840 moveri
260 1801 426 1850 possit?
464 1811 565 1840 nam
592 1811 676 1849 ego
698 1801 875 1850 quidem
896 1800 1067 1845 vellem,
1095 1804 1137 1839 et
1157 1799 1276 1845 haec,
1304 1810 1418 1849 quae
1444 1808 1465 1839 9

68 1860 221 1906 scribo,
249 1866 290 1899 et
316 1859 399 1906 illa,
427 1871 540 1909 quae
568 1865 696 1898 antea
722 1861 764 1899 in
793 1864 945 1899 senatu
968 1863 1148 1908 questus
1169 1870 1277 1904 sum,
1303 1869 1419 1898 vana

15 1926 51 1955 30
71 1918 208 1958 forent
241 1920 398 1968 potius,
431 1930 563 1968 quam
597 1920 769 1958 miseria
796 1930 895 1958 mea
920 1919 1053 1958 iidem
1079 1918 1223 1957 verbis
1250 1918 1419 1958 faceret.

130 1976 216 2017 Sed
250 1979 457 2027 quoniam
492 1989 545 2018 eo
579 1984 706 2017 natus
739 1990 848 2024 sum,
881 1983 926 2017 ut
951 1977 1181 2027 Iugurthae
1207 1977 1417 2029 scelerum
1437 1980 1478 2011 10

71 2038 259 2076 ostentui
287 2048 440 2083 essem,
468 2048 557 2077 non
584 2039 669 2076 iam
691 2042 873 2077 mortem
895 2048 1039 2086 neque
1059 2047 1302 2082 aerumnas,
1329 2041 1419 2075 tan-

70 2096 298 2136 tummodo
336 2097 497 2135 inimici
535 2098 763 2145 imperium
804 2102 845 2136 et
877 2097 1089 2135 cruciatus
1123 2097 1314 2145 corporis
1347 2095 1419 2135 de-

131 2201 151 2232 9
178 2202 224 2233 ad
250 2211 321 2233 om.
341 2201 373 2233 V
449 2201 490 2232 15
518 2203 588 2233 mei
612 2211 682 2234 om.
702 2201 734 2233 V
804 2201 847 2233 16
867 2202 1042 2233 incertum
1064 2204 1120 2232 est
1138 2196 1225 2232 VP²
1292 2200 1336 2232 23
1357 2209 1417 2231 ex-

73 2249 146 2286 puli
173 2249 203 2279 V
278 2248 321 2280 27
348 2252 468 2280 vestra
491 2250 547 2280 Vis
572 2248 604 2280 V
654 2257 726 2287 quo
755 2247 883 2287 Y(-M)
911 2257 983 2287 qua
1010 2243 1166 2280 A²CBn
1188 2257 1210 2278 a
1230 2256 1303 2286 quo
1324 2243 1420 2278 A¹M

73 2295 152 2326 lsm
179 2304 199 2326 a
227 2305 299 2334 qua
324 2295 352 2327 P
449 2295 493 2327 28
520 2304 666 2328 movere
692 2296 723 2327 N
750 2296 972 2327 commoveri
998 2295 1031 2326 V
1104 2304 1188 2326 nam
1210 2318 1217 2326 .
1234 2319 1241 2326 .
1258 2318 1265 2326 .
1287 2295 1420 2326 faceret

74 2341 172 2374 Serv.
191 2343 278 2375 Aen.
301 2347 404 2379 1,392
471 2343 514 2375 29
541 2344 668 2382 scripsi
688 2343 720 2375 V
788 2344 828 2375 31
860 2341 910 2381 ut}
935 2346 970 2374 et
989 2339 1039 2374 V¹
1107 2342 1151 2375 33
1172 2343 1367 2374 cruciatum
1388 2341 1421 2373 V

146 2402 343 2431 Sallustius:
366 2403 524 2437 Catilina,
546 2404 707 2438 Iugurtha
741 2403 791 2431 eu.
809 2403 968 2437 Ahlberg.
990 2403 1136 2436 ‹malon›
1185 2399 1207 2432 6
