1593 2496
169 59 249 97 104
593 50 633 87 C.
655 51 897 88 SALLUSTI
926 50 1083 88 CRISPI

165 165 334 214 potiora
360 165 546 208 duceret,
582 164 795 203 interdum
825 175 972 203 secum
1000 165 1094 213 ipse
1120 170 1346 214 reputaret,
1381 177 1511 215 quam

163 225 307 274 gravis
329 234 456 263 casus
477 225 519 261 in
542 223 763 263 servitium
786 234 837 262 ex
858 234 993 273 regno
1014 223 1132 270 foret,
1159 224 1304 264 multis
1325 227 1511 274 magnis-

164 295 249 333 que
290 282 516 332 praesidiis
553 283 820 331 nequiquam
853 283 1029 331 perditis
1062 283 1117 322 de
1149 284 1316 334 integro
1350 284 1510 324 bellum

100 346 148 378 10
164 343 306 382 sumit.
352 346 393 382 et
419 341 584 381 Romae
617 345 793 381 senatus
828 342 881 381 de
915 343 1148 390 provinciis
1176 343 1399 383 consultus
1426 343 1512 383 Nu-

164 402 344 441 midiam
373 400 548 440 Metello
576 401 836 440 decreverat.
1543 413 1561 439 5

88 461 150 500 63
220 461 298 500 Per
330 460 445 499 idem
483 466 654 509 tempus
688 459 837 499 Uticae
869 459 977 500 forte
1005 458 1047 499 C.
1069 460 1204 500 Mario
1239 472 1314 510 per
1346 461 1511 501 hostias

163 521 228 559 dis
251 519 511 569 supplicanti
534 530 694 569 magna
708 523 838 568 atque
854 518 1066 558 mirabilia
1082 520 1280 568 portendi
1295 520 1511 570 haruspex

163 580 344 618 dixerat:
373 578 555 628 proinde
583 589 696 627 quae
717 579 864 618 animo
886 579 1088 628 agitabat,
1116 578 1246 618 fretus
1267 579 1332 618 dis
1354 584 1510 629 ageret,

162 639 377 678 fortunam
399 649 529 687 quam
550 638 822 686 saepissume
839 639 1115 686 experiretur;
1138 642 1291 677 cuncta
1306 650 1511 688 prospere

115 701 134 733 2
164 703 381 737 eventura.
418 703 459 736 at
488 697 606 736 illum
635 697 720 735 iam
748 701 876 736 antea
903 696 1153 736 consulatus
1175 698 1329 747 ingens
1350 698 1510 747 cupido
1533 708 1565 734 ιο

163 757 421 806 exagitabat,
468 756 523 794 ad
571 767 701 805 quem
748 756 1011 805 capiundum
1048 761 1216 805 praeter
1251 761 1510 797 vetustatem

162 816 351 855 familiae
384 815 468 854 alia
502 816 649 855 omnia
681 815 857 854 abunde
885 820 1019 855 erant:
1054 815 1274 863 industria,
1307 817 1510 865 probitas,

163 875 340 915 militiae
368 886 527 924 magna
554 875 744 920 scientia,
772 876 944 914 animus
971 874 1072 914 belli
1099 875 1253 925 ingens
1281 875 1399 915 domi
1421 887 1512 915 mo-

163 935 298 980 dicus,
320 933 525 973 lubidinis
548 939 589 973 et
604 934 848 973 divitiarum
865 935 1011 979 victor,
1027 935 1332 974 tantummodo
1348 934 1511 984 gloriae

164 994 332 1034 avidus.
1535 1003 1568 1030 15

110 1052 136 1082 ³3
224 1052 309 1092 Sed
344 1054 379 1092 is
412 1060 538 1091 natus
574 1057 613 1091 et
647 1063 823 1092 omnem
851 1053 1077 1101 pueritiam
1104 1051 1255 1101 Arpini
1282 1052 1405 1099 altus,
1439 1053 1511 1092 ubi

166 1113 350 1161 primum
361 1117 479 1151 aetas
490 1111 666 1151 militiae
676 1112 846 1160 patiens
859 1112 944 1157 fuit,
955 1111 1181 1160 stipendiis
1190 1111 1414 1157 faciundis,
1424 1123 1511 1151 non

167 1171 331 1211 Graeca
358 1171 559 1210 facundia
584 1182 728 1219 neque
750 1171 923 1210 urbanis
946 1170 1167 1210 munditiis
1189 1182 1286 1210 sese
1308 1172 1511 1210 exercuit:

165 1232 222 1269 ita
250 1232 356 1270 inter
383 1232 481 1269 artis
510 1231 647 1270 bonas
676 1230 888 1279 integrum
917 1231 1139 1279 ingenium
1167 1230 1286 1270 brevi
1309 1230 1511 1270 adolevit.

112 1295 138 1326 4
167 1301 281 1340 ergo,
309 1290 382 1329 ubi
411 1291 595 1339 primum
624 1289 885 1328 tribunatum
914 1289 1139 1328 militarem
1164 1300 1189 1327 a
1210 1289 1375 1339 populo
1398 1290 1512 1338 petit,
1533 1298 1568 1325 20

165 1349 384 1398 plerisque
408 1349 561 1388 faciem
585 1349 677 1388 eius
700 1349 1010 1398 ignorantibus,
1036 1348 1157 1387 factis
1178 1353 1306 1388 notus
1328 1359 1402 1397 per
1423 1359 1512 1388 om-

117 1413 138 1444 5
165 1409 231 1447 nis
265 1409 397 1447 tribus
432 1408 681 1447 declaratur.
728 1408 887 1447 deinde
919 1408 974 1448 ab
1010 1419 1062 1447 eo
1090 1408 1341 1457 magistratu
1368 1407 1512 1453 alium,

167 1474 265 1517 post
297 1467 428 1506 alium
463 1468 543 1506 sibi
577 1468 753 1515 peperit,
785 1478 1046 1516 semperque
1076 1468 1118 1505 in
1147 1467 1431 1516 potestatibus
1459 1477 1511 1506 eo

167 1527 300 1567 modo
322 1527 524 1576 agitabat,
553 1531 596 1565 ut
617 1526 826 1574 ampliore
848 1537 979 1575 quam
1007 1526 1183 1576 gerebat
1205 1526 1362 1575 dignus
1383 1526 1513 1565 habe-

113 1590 139 1621 6
167 1591 288 1626 retur.
334 1590 478 1625 tamen
514 1587 548 1624 is
576 1586 631 1625 ad
660 1585 701 1623 id
729 1585 923 1625 locorum
951 1585 1047 1625 talis
1071 1586 1134 1624 vir
1156 1605 1209 1609 ——
1231 1597 1331 1624 narn
1360 1590 1513 1634 postea
1533 1593 1568 1619 25

165 1646 404 1685 ambitione
437 1656 645 1694 praeceps
681 1645 806 1684 datus
838 1650 901 1684 est
928 1664 981 1669 —
1010 1644 1282 1684 consulatum
1310 1644 1513 1693 adpetere

167 1716 255 1744 non
283 1704 483 1744 audebat.
530 1705 658 1743 etiam
686 1708 776 1742 turn
809 1704 919 1743 alios
947 1705 1220 1754 magistratus
1248 1703 1383 1752 plebs,
1414 1714 1514 1742 con-

119 1767 139 1799 7
167 1764 354 1803 sulatum
388 1764 591 1803 nobilitas
626 1765 732 1803 inter
764 1775 811 1802 se
841 1775 916 1812 per
942 1774 1096 1802 manus
1124 1761 1329 1802 tradebat.
1372 1772 1513 1801 novos

168 1834 297 1862 nemo
332 1827 419 1862 tam
454 1823 591 1862 clarus
625 1834 769 1872 neque
802 1828 887 1861 tarn
918 1823 1101 1872 egregiis
1129 1821 1249 1860 factis
1277 1826 1376 1867 erat,
1410 1822 1512 1870 quin

169 1882 373 1932 indignus
409 1882 480 1921 illo
514 1883 680 1922 honore
715 1888 755 1921 et
787 1878 880 1930 <is>
907 1882 1031 1931 quasi
1060 1880 1250 1930 pollutus
1276 1880 1514 1920 haberetur.
1535 1888 1569 1914 30

228 2022 248 2054 8
275 2026 399 2062 ageret
425 2033 470 2054 m.
492 2027 510 2053 2
531 2022 674 2054 BKTD
701 2031 810 2062 agere
837 2023 915 2054 rell.
999 2021 1019 2052 9
1047 2018 1190 2058 cuncta]
1218 2020 1341 2052 omnia
1367 2016 1514 2051 Han

232 2071 272 2102 13
306 2071 448 2102 animus
471 2094 501 2102 ..
519 2095 525 2101 .
548 2071 660 2101 victor
691 2069 784 2101 Non.
809 2079 846 2109 J).
867 2073 938 2107 343,
954 2073 973 2100 4
1073 2067 1115 2098 16
1147 2071 1183 2099 et
1203 2091 1211 2099 .
1227 2091 1254 2099 ..
1276 2067 1368 2099 altus
1401 2067 1513 2098 Prisc.

163 2127 325 2157 ,qt-amm.
345 2117 459 2156 11527,
475 2121 515 2148 ¹23
567 2114 770 2156 pueritiam]
792 2120 947 2148 aetatem
969 2116 1082 2147 Prisc.
1133 2115 1260 2153 Arpini
1282 2114 1374 2145 altus
1393 2113 1514 2145 Diom.

167 2173 324 2204 yramm.
345 2165 361 2195 l
378 2168 501 2203 375,14
551 2165 657 2196 alitus
684 2159 784 2201 MT2,
811 2173 922 2203 quam
949 2164 1139 2195 lectionem
1162 2162 1276 2194 Prisc.
1296 2162 1459 2193 testatur·
1477 2162 1513 2192 ιίι

168 2212 392 2251 quibusdam
420 2213 610 2244 codicibus
637 2212 795 2243 inventri
867 2211 911 2242 25
937 2214 1058 2241 tamen
1081 2234 1088 2241 .
1104 2233 1112 2241 .
1127 2233 1136 2241 .
1157 2210 1208 2240 vir
1226 2209 1324 2241 Max.
1344 2208 1515 2240 Victorin.

168 2268 325 2299 gramm.
346 2259 388 2290 Vl
407 2262 477 2296 202,
496 2263 533 2290 10
607 2258 651 2290 26
678 2258 905 2290 consulatum
929 2267 998 2289 om.
1017 2258 1185 2296 plerique
1206 2257 1311 2288 codd.
1363 2255 1407 2286 29
1428 2256 1515 2294 quin

169 2302 266 2338 P¹F¹
295 2306 355 2345 qui
384 2307 452 2337 nisi
481 2307 490 2337 l
519 2307 605 2345 quin
633 2307 662 2337 is
690 2306 767 2337 rell.
838 2304 882 2338 30
910 2308 1052 2343 transf).
1074 2304 1236 2335 Eussner*
