1593 2496
636 19 925 56 PRAEFATIO
1383 18 1457 56 v11

100 127 303 164 Macrobii
327 129 526 172 excerpta,
549 137 598 162 ex
620 126 828 162 recens.K.
845 126 961 162 Keilii
975 126 1386 172 (Macr.exc.9ram1n
1400 126 1457 169 V).

103 195 144 199 -
159 174 394 216 Saturnalia,
423 175 565 210 iterum
592 183 754 219 recogn.
777 173 816 209 F.
839 173 1110 218 Eyssenhardt
1136 174 1276 216 (Macr.
1296 175 1405 216 sat.).

102 222 313 268 Pomponii
333 222 468 258 Melae
493 222 546 257 de
566 221 873 267 chorographia‚
900 231 1063 267 recogn.
1089 220 1130 257 C.
1151 221 1263 257 Frick
1285 221 1455 264 (Mela).

103 270 227 305 Nonii
253 269 432 306 Marcelli
465 269 518 305 de
550 269 842 314 compendiosa
875 269 1056 304 doctrina
1082 268 1169 305 libri
1196 268 1277 311 XX,
1305 269 1368 304 ed.
1388 268 1455 304 W.

157 318 208 353 M.
229 317 404 361 Lindsay
430 317 577 360 (Non).

101 364 227 400 Paulii
269 364 408 400 Orosii
453 364 674 410 presbyteri
720 364 973 399 historiarum
1012 364 1228 399 adversum
1270 373 1455 409 paganos

159 411 246 447 libri
272 411 352 453 VII,
379 421 456 448 rec.
478 411 517 448 C.
540 412 844 457 Zangemeister
870 411 1004 454 (Oros.
1025 412 1149 455 hist).
1447 456 1449 459 .

103 459 258 543 Pagyri
274 458 592 505 Oxyrhynchus,
616 460 677 495 ed.
692 459 866 495 Grenfell
882 460 961 494 and
977 459 1096 500 Hunt.
1117 458 1205 495 Vol.
1217 458 1268 494 VI
1282 458 1454 504 (Papyr.

195 507 312 552 xyst).

102 555 274 599 Pompei
293 557 567 590 commentum
589 554 682 590 artis
704 553 859 595 Donati,
881 564 930 590 ex
951 553 1282 590 recens.H.Keilii
1299 553 1455 597 (Pomp.

157 611 335 647 yramm.
355 602 408 643 V).

102 649 406 694 Porphyrionis
443 649 719 685 commentarii
754 649 792 684 in
821 648 1041 691 Horatium,
1075 658 1227 685 recens.
1249 648 1294 685 G.
1316 648 1456 693 Meyer

148 696 325 741 (Porph.
347 697 473 740 Hor).

101 744 308 779 Prisciani
339 744 610 780 institutiones
642 745 942 789 grammaticae,
977 753 1026 779 ex
1060 753 1211 780 recens.
1233 744 1284 779 Μ.
1306 743 1455 779 Hertzii

162 791 301 833 (Prisc.
322 802 499 837 yramtn.
520 792 557 827 II
580 792 659 835 III).

103 837 228 874 Probi
273 839 472 875 catholica
517 842 602 880 etc.,
649 849 698 875 ex
746 848 899 875 recens.
934 839 981 875 H.
1008 839 1125 875 Keilii
1170 839 1306 882 (ΡΙ-οὺ.
1346 839 1455 874 cath.

158 896 336 932 yranzm.
356 887 432 930 IV).

101 933 355 970 Ps.-Asconii
369 933 645 969 commentarii
661 934 700 969 in
716 933 807 975 Cic„
823 934 885 969 ed.
901 932 1178 970 Orelli-Baiter
1192 933 1456 977 (Ps.Ascon.).

100 981 378 1016 Ps.-Sallnstii
392 981 431 1016 in
442 981 674 1017 M.Tullium
684 981 924 1022 invectivae,
940 982 991 1017 de
1005 981 1229 1027 republica:
1244 980 1456 1017 Sallustius

160 1028 318 1064 tertium
346 1038 507 1074 recogn.
529 1029 575 1064 H.
595 1029 743 1065 Jordan
771 1029 850 1072 (Ps.
871 1029 971 1064 Sall.
993 1030 1034 1064 in
1064 1029 1176 1070 Tull„
1198 1029 1312 1074 rep).

104 1076 153 1112 M.
175 1076 272 1112 Fabi
302 1076 552 1119 Quintiliani
578 1076 771 1112 institutio
806 1076 988 1118 oratoria,
1022 1086 1174 1112 recens.
1202 1076 1242 1112 E.
1271 1075 1455 1116 Bonnell,

159 1124 222 1159 ed.
244 1123 282 1159 L.
305 1124 599 1160 Radermacher
626 1124 781 1168 (Quint.
803 1125 926 1168 inst).

103 1171 250 1207 Marius
294 1171 446 1207 Plotius
484 1171 701 1213 Sacerdos,
747 1182 796 1207 ex
841 1181 993 1207 recens.
1033 1171 1079 1207 H.
1113 1171 1230 1207 Keilii
1272 1171 1455 1213 (Sacerci.

159 1229 337 1264 yramm.
362 1219 433 1262 VI).

101 1265 267 1302 Scholia
296 1268 336 1301 in
363 1266 607 1302 Horatium:
637 1266 960 1302 Pseud·Acronis
987 1265 1148 1303 Scholia
1175 1266 1216 1302 in
1244 1265 1453 1302 Horatium

163 1314 392 1355 vetustiora,
421 1314 482 1349 ed.
505 1314 550 1350 O.
572 1314 704 1350 Keller
730 1314 879 1356 (Schol.
899 1314 1026 1357 Hor).

104 1380 146 1385 —-
163 1363 203 1396 in
231 1361 413 1397 Juvenal.
440 1363 532 1402 sat„
560 1362 621 1396 ed.
646 1361 749 1397 Jahn
776 1361 924 1405 (Schol.
944 1361 1057 1403 Ιιιυ.).

105 1428 147 1433 —-
164 1410 203 1444 in
232 1409 355 1444 Stat:
381 1409 589 1444 Lactantii
613 1409 776 1444 Placidi
814 1409 880 1454 qui
906 1410 1083 1444 feruntur
1110 1408 1387 1445 commentarii
1415 1409 1453 1443 in

163 1456 274 1492 Statii
308 1456 525 1496 Thebaida,
558 1466 710 1492 recens.
739 1457 780 1492 R.
805 1457 961 1492 Jahnke
994 1457 1142 1499 (Schol.
1169 1456 1273 1492 Stat.
1307 1456 1455 1499 Theb).

105 1504 391 1539 —Bernensia
432 1504 489 1539 ad
514 1504 679 1548 Veryilii
710 1504 895 1540 bucolica
923 1507 1043 1549 atque
1075 1504 1280 1550 georgica,
1317 1504 1378 1539 ed.
1406 1503 1454 1538 H.

163 1551 308 1596 Hagen
335 1550 482 1594 (Sclzol.
502 1551 614 1596 Ver-9.
635 1552 782 1595 Rem).

105 1619 147 1623 —
167 1599 436 1634 Veronensia:
469 1598 600 1634 Seruii
632 1599 883 1643 grammatici
913 1601 954 1634 in
975 1599 1087 1644 Very.
1109 1609 1228 1635 carm.
1249 1608 1454 1635 commen-

163 1646 249 1682 tarii
272 1646 318 1681 III
345 1646 439 1681 fasc.
461 1645 503 1681 II.
532 1647 593 1681 ed.
616 1646 661 1681 H.
683 1646 827 1692 Hagen
855 1647 1003 1689 (Schol.
1024 1647 1135 1691 Vera.
1156 1647 1324 1689 Veron).

105 1694 144 1730 L.
160 1694 317 1729 Annaei
338 1693 517 1729 Senecae
539 1695 849 1735 controversiae,
872 1695 933 1730 ed.
950 1694 1153 1740 Kiessling
1173 1694 1279 1737 (Sen.
1295 1695 1454 1736 contr.).

106 1742 145 1777 L.
179 1741 336 1777 Annaei
375 1740 554 1776 Senecae
599 1742 648 1776 ad
688 1741 884 1777 Lucilium
930 1741 1128 1787 epistulae
1166 1741 1351 1782 morales,
1391 1742 1454 1776 ed.

164 1787 210 1824 Ο.
232 1789 367 1824 Hense
394 1788 501 1830 (Sen.
524 1790 667 1832 epist).

106 1856 147 1862 —
164 1837 215 1872 de
241 1836 460 1877 beneficiis,
489 1837 550 1871 ed.
578 1835 727 1871 Hosius
755 1836 860 1878 (Sen.
883 1836 1044 1879 benef).

106 1884 364 1919 -naturales
392 1883 663 1929 quaestiones,
691 1884 753 1919 ed.
783 1883 938 1920 Gercke
965 1884 1073 1926 (Sen.
1094 1886 1209 1926 nat.).

103 1932 238 1976 Ser9ii
264 1932 315 1966 de
342 1931 482 1971 littera,
510 1931 560 1966 de
582 1931 736 1975 syllaba
758 1934 844 1972 etc.,
872 1941 921 1966 ex
942 1941 1094 1967 recens.
1117 1931 1163 1967 H.
1185 1931 1301 1966 Keilii
1323 1931 1454 1976 (Serq.

162 1989 339 2023 yramm.
359 1979 438 2020 IV).

102 2026 235 2061 Serviz'
261 2025 511 2071 grammatici
538 2025 605 2071 qui
625 2027 692 2061 fer.
720 2025 760 2061 in
780 2026 946 2071 Vergilii
968 2026 1144 2062 carmina
1164 2026 1455 2067 commentarii,

163 2083 314 2109 recens.
337 2072 382 2109 G.
402 2073 517 2109 Thilo
546 2076 584 2109 et
604 2073 650 2108 H.
672 2073 816 2118 Hagen
843 2073 999 2116 (Serv).

105 2119 217 2155 Marii
247 2121 379 2156 Seruii
411 2120 604 2156 Honorati
638 2121 950 2156 commentarius
983 2121 1022 2155 in
1050 2121 1196 2156 Donati
1230 2124 1368 2166 artem,
1402 2131 1452 2156 ex

164 2177 315 2203 recens.
337 2168 383 2203 H.
405 2167 521 2203 Keilii
548 2168 674 2210 (Serv.
694 2178 871 2213 yramm.
891 2168 969 2210 IV).

104 2213 266 2250 Sidonii
298 2215 540 2260 Apollinaris
579 2215 692 2260 epist.
727 2218 765 2251 et
806 2225 936 2257 carm„
972 2225 1050 2251 rec.
1078 2221 1116 2251 et
1150 2217 1308 2251 emend.
1336 2215 1453 2251 Luet-

162 2262 312 2306 johann
338 2262 498 2304 (Sidon.
519 2264 665 2306 epist).
717 2300 720 2303 Α
