<?xml version="1.0" encoding="UTF-8"?>
<!DOCTYPE html PUBLIC "-//W3C//DTD XHTML 1.0 Transitional//EN"
    "http://www.w3.org/TR/xhtml1/DTD/xhtml1-transitional.dtd">
<html xmlns="http://www.w3.org/1999/xhtml" xml:lang="en" lang="en">
 <head>
  <title>
</title>
<meta http-equiv="Content-Type" content="text/html;charset=utf-8" />
  <meta name='ocr-system' content='tesseract 3.04.00' />
  <meta name='ocr-capabilities' content='ocr_page ocr_carea ocr_par ocr_line ocrx_word'/>
</head>
<body>
  <div class='ocr_page' id='page_1' title='image "./catilinaiugurtha00salluoft_0067.png"; bbox 0 0 1593 2496; ppageno 0'>
   <div class='ocr_carea' id='block_1_1' title="bbox 384 47 1414 91">
    <p class='ocr_par' dir='ltr' id='par_1_1' title="bbox 384 47 1414 91">
     <span class='ocr_line' id='line_1_1' title="bbox 384 47 1414 91; baseline -0.004 -7"><span class='ocrx_word' id='word_1_1' title='bbox 384 48 586 84; x_wconf 84' lang='lat' dir='ltr'>BELLUM</span> <span class='ocrx_word' id='word_1_2' title='bbox 617 47 981 83; x_wconf 82' lang='lat' dir='ltr'>IUGURTHINUM</span> <span class='ocrx_word' id='word_1_3' title='bbox 1012 51 1098 81; x_wconf 75' lang='lat'>1—4</span> <span class='ocrx_word' id='word_1_4' title='bbox 1359 52 1414 91; x_wconf 88' lang='lat'>55</span> 
     </span>
    </p>
   </div>
   <div class='ocr_carea' id='block_1_2' title="bbox 21 158 1485 2106">
    <p class='ocr_par' dir='ltr' id='par_1_2' title="bbox 70 158 1469 388">
     <span class='ocr_line' id='line_1_2' title="bbox 129 158 1469 208; baseline -0.004 -7"><span class='ocrx_word' id='word_1_5' title='bbox 129 160 325 201; x_wconf 87' lang='lat' dir='ltr'>Ceterum</span> <span class='ocrx_word' id='word_1_6' title='bbox 361 171 411 201; x_wconf 80' lang='lat' dir='ltr'>ex</span> <span class='ocrx_word' id='word_1_7' title='bbox 445 160 539 199; x_wconf 89' lang='lat' dir='ltr'>aliis</span> <span class='ocrx_word' id='word_1_8' title='bbox 573 160 770 208; x_wconf 55' lang='lat' dir='ltr'>negotiis</span> <span class='ocrx_word' id='word_1_9' title='bbox 804 170 917 208; x_wconf 90' lang='lat' dir='ltr'>quae</span> <span class='ocrx_word' id='word_1_10' title='bbox 951 159 1126 207; x_wconf 87' lang='lat' dir='ltr'>ingenio</span> <span class='ocrx_word' id='word_1_11' title='bbox 1156 163 1417 204; x_wconf 83' lang='lat' dir='ltr'>exercentur,</span> <span class='ocrx_word' id='word_1_12' title='bbox 1438 158 1469 196; x_wconf 76' lang='lat'>4</span> 
     </span>
     <span class='ocr_line' id='line_1_3' title="bbox 70 219 1417 270; baseline -0.003 -10"><span class='ocrx_word' id='word_1_13' title='bbox 70 222 112 260; x_wconf 91' lang='lat' dir='ltr'>in</span> <span class='ocrx_word' id='word_1_14' title='bbox 152 221 298 270; x_wconf 88' lang='lat' dir='ltr'>primis</span> <span class='ocrx_word' id='word_1_15' title='bbox 334 230 495 268; x_wconf 90' lang='lat' dir='ltr'>magno</span> <span class='ocrx_word' id='word_1_16' title='bbox 533 220 628 258; x_wconf 89' lang='lat' dir='ltr'>usui</span> <span class='ocrx_word' id='word_1_17' title='bbox 666 224 729 258; x_wconf 90' lang='lat' dir='ltr'>est</span> <span class='ocrx_word' id='word_1_18' title='bbox 765 219 975 257; x_wconf 89' lang='lat' dir='ltr'>memoria</span> <span class='ocrx_word' id='word_1_19' title='bbox 1012 229 1150 256; x_wconf 92' lang='lat' dir='ltr'>rerum</span> <span class='ocrx_word' id='word_1_20' title='bbox 1187 222 1417 266; x_wconf 77' lang='lat' dir='ltr'>gestarum.</span> 
     </span>
     <span class='ocr_line' id='line_1_4' title="bbox 71 276 1467 330; baseline -0.004 -10"><span class='ocrx_word' id='word_1_21' title='bbox 71 281 228 330; x_wconf 88' lang='lat' dir='ltr'>quoius</span> <span class='ocrx_word' id='word_1_22' title='bbox 249 279 304 318; x_wconf 91' lang='lat' dir='ltr'>de</span> <span class='ocrx_word' id='word_1_23' title='bbox 319 280 474 318; x_wconf 89' lang='lat' dir='ltr'>virtute</span> <span class='ocrx_word' id='word_1_24' title='bbox 489 279 590 328; x_wconf 91' lang='lat' dir='ltr'>quia</span> <span class='ocrx_word' id='word_1_25' title='bbox 606 278 727 317; x_wconf 89' lang='lat' dir='ltr'>multi</span> <span class='ocrx_word' id='word_1_26' title='bbox 741 277 898 322; x_wconf 83' lang='lat' dir='ltr'>dixere,</span> <span class='ocrx_word' id='word_1_27' title='bbox 921 276 1282 326; x_wconf 86' lang='lat' dir='ltr'>praetereundum</span> <span class='ocrx_word' id='word_1_28' title='bbox 1301 281 1417 326; x_wconf 90' lang='lat' dir='ltr'>puto,</span> <span class='ocrx_word' id='word_1_29' title='bbox 1446 279 1467 311; x_wconf 85' lang='lat'><strong>2</strong></span> 
     </span>
     <span class='ocr_line' id='line_1_5' title="bbox 71 335 1428 388; baseline -0.003 -10"><span class='ocrx_word' id='word_1_30' title='bbox 71 339 198 379; x_wconf 91' lang='lat' dir='ltr'>simul</span> <span class='ocrx_word' id='word_1_31' title='bbox 219 349 274 378; x_wconf 91' lang='lat' dir='ltr'>ne</span> <span class='ocrx_word' id='word_1_32' title='bbox 295 350 370 388; x_wconf 90' lang='lat' dir='ltr'>per</span> <span class='ocrx_word' id='word_1_33' title='bbox 389 337 665 377; x_wconf 84' lang='lat' dir='ltr'>insolentiam</span> <span class='ocrx_word' id='word_1_34' title='bbox 687 338 784 386; x_wconf 87' lang='lat' dir='ltr'>quis</span> <span class='ocrx_word' id='word_1_35' title='bbox 806 337 1035 376; x_wconf 82' lang='lat' dir='ltr'>existumet</span> <span class='ocrx_word' id='word_1_36' title='bbox 1052 340 1212 376; x_wconf 83' lang='lat' dir='ltr'>memet</span> <span class='ocrx_word' id='word_1_37' title='bbox 1226 335 1428 375; x_wconf 85' lang='lat' dir='ltr'>studium</span> 
     </span>
    </p>

    <p class='ocr_par' dir='ltr' id='par_1_3' title="bbox 36 395 1472 684">
     <span class='ocr_line' id='line_1_6' title="bbox 36 395 1471 445; baseline -0.002 -11"><span class='ocrx_word' id='word_1_38' title='bbox 36 408 52 434; x_wconf 82' lang='lat'><strong>5</strong></span> <span class='ocrx_word' id='word_1_39' title='bbox 72 409 217 438; x_wconf 91' lang='lat' dir='ltr'>meum</span> <span class='ocrx_word' id='word_1_40' title='bbox 250 397 471 437; x_wconf 91' lang='lat' dir='ltr'>laudando</span> <span class='ocrx_word' id='word_1_41' title='bbox 506 396 722 436; x_wconf 82' lang='lat' dir='ltr'>extollere.</span> <span class='ocrx_word' id='word_1_42' title='bbox 767 401 898 445; x_wconf 91' lang='lat' dir='ltr'>atque</span> <span class='ocrx_word' id='word_1_43' title='bbox 931 407 1014 444; x_wconf 88' lang='lat' dir='ltr'>ego</span> <span class='ocrx_word' id='word_1_44' title='bbox 1049 395 1177 435; x_wconf 88' lang='lat' dir='ltr'>credo</span> <span class='ocrx_word' id='word_1_45' title='bbox 1211 395 1301 434; x_wconf 81' lang='lat' dir='ltr'>fore</span> <span class='ocrx_word' id='word_1_46' title='bbox 1333 396 1419 444; x_wconf 85' lang='lat' dir='ltr'>qui,</span> <span class='ocrx_word' id='word_1_47' title='bbox 1447 397 1471 430; x_wconf 76' lang='lat'>3</span> 
     </span>
     <span class='ocr_line' id='line_1_7' title="bbox 73 455 1420 507; baseline -0.002 -11"><span class='ocrx_word' id='word_1_48' title='bbox 73 458 174 507; x_wconf 89' lang='lat' dir='ltr'>quia</span> <span class='ocrx_word' id='word_1_49' title='bbox 207 457 378 496; x_wconf 89' lang='lat' dir='ltr'>decrevi</span> <span class='ocrx_word' id='word_1_50' title='bbox 415 455 562 505; x_wconf 92' lang='lat' dir='ltr'>procul</span> <span class='ocrx_word' id='word_1_51' title='bbox 590 467 615 494; x_wconf 91' lang='lat' dir='ltr'>a</span> <span class='ocrx_word' id='word_1_52' title='bbox 643 467 685 495; x_wconf 92' lang='lat' dir='ltr'>re</span> <span class='ocrx_word' id='word_1_53' title='bbox 713 455 886 505; x_wconf 90' lang='lat' dir='ltr'>publica</span> <span class='ocrx_word' id='word_1_54' title='bbox 912 459 1099 494; x_wconf 90' lang='lat' dir='ltr'>aetatem</span> <span class='ocrx_word' id='word_1_55' title='bbox 1126 465 1267 504; x_wconf 89' lang='lat' dir='ltr'>agere,</span> <span class='ocrx_word' id='word_1_56' title='bbox 1300 458 1420 494; x_wconf 87' lang='lat' dir='ltr'>tanto</span> 
     </span>
     <span class='ocr_line' id='line_1_8' title="bbox 73 515 1421 566; baseline -0.003 -10"><span class='ocrx_word' id='word_1_57' title='bbox 73 522 249 566; x_wconf 91' lang='lat' dir='ltr'>tamque</span> <span class='ocrx_word' id='word_1_58' title='bbox 276 516 367 555; x_wconf 91' lang='lat' dir='ltr'>utili</span> <span class='ocrx_word' id='word_1_59' title='bbox 396 515 531 555; x_wconf 87' lang='lat' dir='ltr'>labori</span> <span class='ocrx_word' id='word_1_60' title='bbox 555 526 654 554; x_wconf 92' lang='lat' dir='ltr'>meo</span> <span class='ocrx_word' id='word_1_61' title='bbox 677 526 839 554; x_wconf 93' lang='lat' dir='ltr'>nomen</span> <span class='ocrx_word' id='word_1_62' title='bbox 860 515 1037 554; x_wconf 91' lang='lat' dir='ltr'>inertiae</span> <span class='ocrx_word' id='word_1_63' title='bbox 1058 515 1281 563; x_wconf 83' lang='lat' dir='ltr'>inponant,</span> <span class='ocrx_word' id='word_1_64' title='bbox 1308 518 1421 553; x_wconf 85' lang='lat' dir='ltr'>certe</span> 
     </span>
     <span class='ocr_line' id='line_1_9' title="bbox 74 573 1427 625; baseline -0.002 -10"><span class='ocrx_word' id='word_1_65' title='bbox 74 576 232 625; x_wconf 90' lang='lat' dir='ltr'>quibus</span> <span class='ocrx_word' id='word_1_66' title='bbox 267 586 472 614; x_wconf 91' lang='lat' dir='ltr'>maxuma</span> <span class='ocrx_word' id='word_1_67' title='bbox 507 574 716 614; x_wconf 88' lang='lat' dir='ltr'>industria</span> <span class='ocrx_word' id='word_1_68' title='bbox 751 574 922 613; x_wconf 92' lang='lat' dir='ltr'>videtur</span> <span class='ocrx_word' id='word_1_69' title='bbox 953 573 1140 613; x_wconf 89' lang='lat' dir='ltr'>salutare</span> <span class='ocrx_word' id='word_1_70' title='bbox 1174 573 1347 622; x_wconf 91' lang='lat' dir='ltr'>plebem</span> <span class='ocrx_word' id='word_1_71' title='bbox 1380 577 1427 612; x_wconf 71' lang='lat' dir='ltr'>etv</span> 
     </span>
     <span class='ocr_line' id='line_1_10' title="bbox 75 632 1472 684; baseline -0.002 -10"><span class='ocrx_word' id='word_1_72' title='bbox 75 635 287 675; x_wconf 89' lang='lat' dir='ltr'>conviviis</span> <span class='ocrx_word' id='word_1_73' title='bbox 302 635 481 684; x_wconf 84' lang='lat' dir='ltr'>gratiam</span> <span class='ocrx_word' id='word_1_74' title='bbox 498 645 717 683; x_wconf 86' lang='lat' dir='ltr'>quaerere.</span> <span class='ocrx_word' id='word_1_75' title='bbox 745 635 817 682; x_wconf 92' lang='lat' dir='ltr'>qui</span> <span class='ocrx_word' id='word_1_76' title='bbox 833 634 868 672; x_wconf 92' lang='lat' dir='ltr'>si</span> <span class='ocrx_word' id='word_1_77' title='bbox 885 634 1187 682; x_wconf 90' lang='lat' dir='ltr'>reputaverint,</span> <span class='ocrx_word' id='word_1_78' title='bbox 1209 637 1249 672; x_wconf 92' lang='lat' dir='ltr'>et</span> <span class='ocrx_word' id='word_1_79' title='bbox 1263 632 1421 682; x_wconf 92' lang='lat' dir='ltr'>quibus</span> <span class='ocrx_word' id='word_1_80' title='bbox 1449 636 1472 666; x_wconf 79' lang='lat'>4</span> 
     </span>
    </p>

    <p class='ocr_par' dir='ltr' id='par_1_4' title="bbox 21 691 1426 980">
     <span class='ocr_line' id='line_1_11' title="bbox 21 691 1423 744; baseline -0.003 -10"><span class='ocrx_word' id='word_1_81' title='bbox 21 701 55 729; x_wconf 80' lang='grc'>’.0</span> <span class='ocrx_word' id='word_1_82' title='bbox 75 706 158 744; x_wconf 88' lang='lat' dir='ltr'>ego</span> <span class='ocrx_word' id='word_1_83' title='bbox 186 694 453 743; x_wconf 86' lang='lat' dir='ltr'>temporibus</span> <span class='ocrx_word' id='word_1_84' title='bbox 480 694 755 742; x_wconf 84' lang='lat' dir='ltr'>magistratus</span> <span class='ocrx_word' id='word_1_85' title='bbox 783 693 967 742; x_wconf 91' lang='lat' dir='ltr'>adeptus</span> <span class='ocrx_word' id='word_1_86' title='bbox 994 693 1075 731; x_wconf 92' lang='lat' dir='ltr'>sim</span> <span class='ocrx_word' id='word_1_87' title='bbox 1103 696 1144 731; x_wconf 90' lang='lat' dir='ltr'>et</span> <span class='ocrx_word' id='word_1_88' title='bbox 1170 691 1322 741; x_wconf 89' lang='lat' dir='ltr'>quales</span> <span class='ocrx_word' id='word_1_89' title='bbox 1345 692 1423 730; x_wconf 93' lang='lat' dir='ltr'>viri</span> 
     </span>
     <span class='ocr_line' id='line_1_12' title="bbox 76 751 1424 802; baseline -0.002 -9"><span class='ocrx_word' id='word_1_90' title='bbox 76 753 190 793; x_wconf 91' lang='lat' dir='ltr'>idem</span> <span class='ocrx_word' id='word_1_91' title='bbox 218 753 402 802; x_wconf 88' lang='lat' dir='ltr'>adsequi</span> <span class='ocrx_word' id='word_1_92' title='bbox 429 753 702 802; x_wconf 90' lang='lat' dir='ltr'>nequiverint</span> <span class='ocrx_word' id='word_1_93' title='bbox 730 757 769 792; x_wconf 88' lang='lat' dir='ltr'>et</span> <span class='ocrx_word' id='word_1_94' title='bbox 798 756 951 801; x_wconf 90' lang='lat' dir='ltr'>postea</span> <span class='ocrx_word' id='word_1_95' title='bbox 971 762 1085 801; x_wconf 89' lang='lat' dir='ltr'>quae</span> <span class='ocrx_word' id='word_1_96' title='bbox 1106 762 1266 801; x_wconf 90' lang='lat' dir='ltr'>genera</span> <span class='ocrx_word' id='word_1_97' title='bbox 1286 751 1424 790; x_wconf 87' lang='lat' dir='ltr'>homi-</span> 
     </span>
     <span class='ocr_line' id='line_1_13' title="bbox 75 811 1424 861; baseline -0.002 -9"><span class='ocrx_word' id='word_1_98' title='bbox 75 824 178 852; x_wconf 89' lang='lat' dir='ltr'>num</span> <span class='ocrx_word' id='word_1_99' title='bbox 200 814 242 851; x_wconf 90' lang='lat' dir='ltr'>in</span> <span class='ocrx_word' id='word_1_100' title='bbox 264 817 463 852; x_wconf 91' lang='lat' dir='ltr'>senatum</span> <span class='ocrx_word' id='word_1_101' title='bbox 486 812 769 861; x_wconf 90' lang='lat' dir='ltr'>pervenerint,</span> <span class='ocrx_word' id='word_1_102' title='bbox 797 811 988 860; x_wconf 84' lang='lat' dir='ltr'>proiecto</span> <span class='ocrx_word' id='word_1_103' title='bbox 1011 811 1335 850; x_wconf 89' lang='lat' dir='ltr'>existumabunt</span> <span class='ocrx_word' id='word_1_104' title='bbox 1354 821 1424 849; x_wconf 88' lang='lat' dir='ltr'>me</span> 
     </span>
     <span class='ocr_line' id='line_1_14' title="bbox 76 870 1425 921; baseline -0.002 -10"><span class='ocrx_word' id='word_1_105' title='bbox 76 873 215 921; x_wconf 90' lang='lat' dir='ltr'>magis</span> <span class='ocrx_word' id='word_1_106' title='bbox 243 873 395 911; x_wconf 92' lang='lat' dir='ltr'>merito</span> <span class='ocrx_word' id='word_1_107' title='bbox 423 882 554 920; x_wconf 89' lang='lat' dir='ltr'>quam</span> <span class='ocrx_word' id='word_1_108' title='bbox 582 871 757 920; x_wconf 91' lang='lat' dir='ltr'>ignavia</span> <span class='ocrx_word' id='word_1_109' title='bbox 784 870 990 910; x_wconf 90' lang='lat' dir='ltr'>iudicium</span> <span class='ocrx_word' id='word_1_110' title='bbox 1018 871 1151 909; x_wconf 89' lang='lat' dir='ltr'>animi</span> <span class='ocrx_word' id='word_1_111' title='bbox 1179 871 1263 909; x_wconf 92' lang='lat' dir='ltr'>mei</span> <span class='ocrx_word' id='word_1_112' title='bbox 1288 874 1425 909; x_wconf 90' lang='lat' dir='ltr'>muta-</span> 
     </span>
     <span class='ocr_line' id='line_1_15' title="bbox 76 929 1426 980; baseline -0.001 -10"><span class='ocrx_word' id='word_1_113' title='bbox 76 932 192 970; x_wconf 89' lang='lat' dir='ltr'>visse</span> <span class='ocrx_word' id='word_1_114' title='bbox 208 932 437 980; x_wconf 91' lang='lat' dir='ltr'>maiusque</span> <span class='ocrx_word' id='word_1_115' title='bbox 452 930 734 970; x_wconf 90' lang='lat' dir='ltr'>commodum</span> <span class='ocrx_word' id='word_1_116' title='bbox 750 941 802 969; x_wconf 91' lang='lat' dir='ltr'>ex</span> <span class='ocrx_word' id='word_1_117' title='bbox 818 931 905 970; x_wconf 89' lang='lat' dir='ltr'>otio</span> <span class='ocrx_word' id='word_1_118' title='bbox 919 941 1018 969; x_wconf 90' lang='lat' dir='ltr'>meo</span> <span class='ocrx_word' id='word_1_119' title='bbox 1033 941 1164 979; x_wconf 90' lang='lat' dir='ltr'>quam</span> <span class='ocrx_word' id='word_1_120' title='bbox 1178 940 1230 969; x_wconf 91' lang='lat' dir='ltr'>ex</span> <span class='ocrx_word' id='word_1_121' title='bbox 1241 929 1426 969; x_wconf 91' lang='lat' dir='ltr'>aliorum</span> 
     </span>
    </p>

    <p class='ocr_par' dir='ltr' id='par_1_5' title="bbox 25 988 1480 1276">
     <span class='ocr_line' id='line_1_16' title="bbox 25 988 1477 1040; baseline -0.003 -11"><span class='ocrx_word' id='word_1_122' title='bbox 25 997 58 1024; x_wconf 81' lang='lat'>15</span> <span class='ocrx_word' id='word_1_123' title='bbox 78 991 264 1040; x_wconf 89' lang='lat' dir='ltr'>negotiis</span> <span class='ocrx_word' id='word_1_124' title='bbox 291 991 349 1029; x_wconf 94' lang='lat' dir='ltr'>rei</span> <span class='ocrx_word' id='word_1_125' title='bbox 377 989 578 1039; x_wconf 91' lang='lat' dir='ltr'>publicae</span> <span class='ocrx_word' id='word_1_126' title='bbox 604 994 845 1028; x_wconf 87' lang='lat' dir='ltr'>venturum.</span> <span class='ocrx_word' id='word_1_127' title='bbox 885 1000 986 1028; x_wconf 91' lang='lat' dir='ltr'>nam</span> <span class='ocrx_word' id='word_1_128' title='bbox 1015 1000 1149 1038; x_wconf 86' lang='lat' dir='ltr'>saepe</span> <span class='ocrx_word' id='word_1_129' title='bbox 1173 1000 1256 1039; x_wconf 87' lang='lat' dir='ltr'>ego</span> <span class='ocrx_word' id='word_1_130' title='bbox 1278 988 1426 1028; x_wconf 87' lang='lat' dir='ltr'>audivi</span> <span class='ocrx_word' id='word_1_131' title='bbox 1452 991 1477 1023; x_wconf 78' lang='lat'>5</span> 
     </span>
     <span class='ocr_line' id='line_1_17' title="bbox 79 1048 1426 1098; baseline -0.003 -7"><span class='ocrx_word' id='word_1_132' title='bbox 79 1048 128 1092; x_wconf 89' lang='lat' dir='ltr'>Q.</span> <span class='ocrx_word' id='word_1_133' title='bbox 149 1049 415 1094; x_wconf 82' lang='lat' dir='ltr'>Maxumum,</span> <span class='ocrx_word' id='word_1_134' title='bbox 441 1049 483 1088; x_wconf 90' lang='grc' dir='ltr'>Ρ.</span> <span class='ocrx_word' id='word_1_135' title='bbox 506 1048 769 1098; x_wconf 88' lang='lat' dir='ltr'>Scipionem,</span> <span class='ocrx_word' id='word_1_136' title='bbox 797 1054 1021 1098; x_wconf 90' lang='lat' dir='ltr'>praeterea</span> <span class='ocrx_word' id='word_1_137' title='bbox 1048 1049 1232 1088; x_wconf 89' lang='lat' dir='ltr'>civitatis</span> <span class='ocrx_word' id='word_1_138' title='bbox 1252 1052 1426 1088; x_wconf 88' lang='lat' dir='ltr'>nostrae</span> 
     </span>
     <span class='ocr_line' id='line_1_18' title="bbox 79 1108 1427 1158; baseline -0.001 -11"><span class='ocrx_word' id='word_1_139' title='bbox 79 1108 321 1158; x_wconf 88' lang='lat' dir='ltr'>praeclaros</span> <span class='ocrx_word' id='word_1_140' title='bbox 347 1110 463 1148; x_wconf 92' lang='lat' dir='ltr'>viros</span> <span class='ocrx_word' id='word_1_141' title='bbox 490 1108 642 1148; x_wconf 90' lang='lat' dir='ltr'>solitos</span> <span class='ocrx_word' id='word_1_142' title='bbox 670 1109 727 1147; x_wconf 91' lang='lat' dir='ltr'>ita</span> <span class='ocrx_word' id='word_1_143' title='bbox 751 1108 905 1154; x_wconf 88' lang='lat' dir='ltr'>dicere,</span> <span class='ocrx_word' id='word_1_144' title='bbox 932 1119 1066 1157; x_wconf 91' lang='lat' dir='ltr'>quom</span> <span class='ocrx_word' id='word_1_145' title='bbox 1088 1109 1301 1148; x_wconf 89' lang='lat' dir='ltr'>maiorum</span> <span class='ocrx_word' id='word_1_146' title='bbox 1323 1108 1427 1146; x_wconf 91' lang='lat' dir='ltr'>ima-</span> 
     </span>
     <span class='ocr_line' id='line_1_19' title="bbox 79 1167 1427 1218; baseline -0.001 -12"><span class='ocrx_word' id='word_1_147' title='bbox 79 1169 202 1218; x_wconf 89' lang='lat' dir='ltr'>gines</span> <span class='ocrx_word' id='word_1_148' title='bbox 227 1169 502 1213; x_wconf 84' lang='lat' dir='ltr'>intuerentur,</span> <span class='ocrx_word' id='word_1_149' title='bbox 530 1168 930 1207; x_wconf 89' lang='lat' dir='ltr'>vehementissume</span> <span class='ocrx_word' id='word_1_150' title='bbox 951 1167 1033 1207; x_wconf 89' lang='lat' dir='ltr'>sibi</span> <span class='ocrx_word' id='word_1_151' title='bbox 1055 1168 1248 1206; x_wconf 91' lang='lat' dir='ltr'>animum</span> <span class='ocrx_word' id='word_1_152' title='bbox 1271 1167 1326 1206; x_wconf 92' lang='lat' dir='ltr'>ad</span> <span class='ocrx_word' id='word_1_153' title='bbox 1347 1167 1427 1205; x_wconf 90' lang='lat' dir='ltr'>vir-</span> 
     </span>
     <span class='ocr_line' id='line_1_20' title="bbox 79 1226 1480 1276; baseline -0.003 -10"><span class='ocrx_word' id='word_1_154' title='bbox 79 1232 213 1267; x_wconf 91' lang='lat' dir='ltr'>tutem</span> <span class='ocrx_word' id='word_1_155' title='bbox 242 1227 432 1267; x_wconf 89' lang='lat' dir='ltr'>accendi.</span> <span class='ocrx_word' id='word_1_156' title='bbox 472 1227 635 1266; x_wconf 89' lang='lat' dir='ltr'>scilicet</span> <span class='ocrx_word' id='word_1_157' title='bbox 660 1239 749 1267; x_wconf 93' lang='lat' dir='ltr'>non</span> <span class='ocrx_word' id='word_1_158' title='bbox 778 1238 918 1266; x_wconf 90' lang='lat' dir='ltr'>ceram</span> <span class='ocrx_word' id='word_1_159' title='bbox 940 1226 1057 1265; x_wconf 92' lang='lat' dir='ltr'>illam</span> <span class='ocrx_word' id='word_1_160' title='bbox 1079 1238 1223 1276; x_wconf 91' lang='lat' dir='ltr'>neque</span> <span class='ocrx_word' id='word_1_161' title='bbox 1244 1226 1426 1276; x_wconf 79' lang='lat' dir='ltr'>figuram</span> <span class='ocrx_word' id='word_1_162' title='bbox 1455 1230 1480 1261; x_wconf 78' lang='lat'>6·</span> 
     </span>
    </p>

    <p class='ocr_par' dir='ltr' id='par_1_6' title="bbox 24 1286 1480 1572">
     <span class='ocr_line' id='line_1_21' title="bbox 24 1286 1428 1335; baseline -0.001 -10"><span class='ocrx_word' id='word_1_163' title='bbox 24 1292 60 1320; x_wconf 88' lang='lat'>20</span> <span class='ocrx_word' id='word_1_164' title='bbox 80 1291 243 1326; x_wconf 88' lang='lat' dir='ltr'>tantam</span> <span class='ocrx_word' id='word_1_165' title='bbox 270 1288 359 1325; x_wconf 90' lang='lat' dir='ltr'>vim</span> <span class='ocrx_word' id='word_1_166' title='bbox 387 1287 429 1325; x_wconf 92' lang='lat' dir='ltr'>in</span> <span class='ocrx_word' id='word_1_167' title='bbox 456 1297 554 1326; x_wconf 89' lang='lat' dir='ltr'>sese</span> <span class='ocrx_word' id='word_1_168' title='bbox 581 1287 752 1332; x_wconf 87' lang='lat' dir='ltr'>habere,</span> <span class='ocrx_word' id='word_1_169' title='bbox 780 1286 857 1326; x_wconf 91' lang='lat' dir='ltr'>sed</span> <span class='ocrx_word' id='word_1_170' title='bbox 885 1287 1095 1326; x_wconf 88' lang='lat' dir='ltr'>memoria</span> <span class='ocrx_word' id='word_1_171' title='bbox 1123 1297 1260 1325; x_wconf 89' lang='lat' dir='ltr'>rerum</span> <span class='ocrx_word' id='word_1_172' title='bbox 1288 1290 1428 1335; x_wconf 89' lang='lat' dir='ltr'>gesta-</span> 
     </span>
     <span class='ocr_line' id='line_1_22' title="bbox 82 1345 1475 1395; baseline 0 -11"><span class='ocrx_word' id='word_1_173' title='bbox 82 1357 172 1385; x_wconf 90' lang='lat' dir='ltr'>rum</span> <span class='ocrx_word' id='word_1_174' title='bbox 210 1357 306 1385; x_wconf 91' lang='lat' dir='ltr'>eam</span> <span class='ocrx_word' id='word_1_175' title='bbox 343 1345 564 1384; x_wconf 82' lang='lat' dir='ltr'>flammam</span> <span class='ocrx_word' id='word_1_176' title='bbox 602 1347 786 1395; x_wconf 89' lang='lat' dir='ltr'>egregiis</span> <span class='ocrx_word' id='word_1_177' title='bbox 822 1346 923 1384; x_wconf 90' lang='lat' dir='ltr'>viris</span> <span class='ocrx_word' id='word_1_178' title='bbox 956 1346 998 1384; x_wconf 92' lang='lat' dir='ltr'>in</span> <span class='ocrx_word' id='word_1_179' title='bbox 1033 1351 1206 1394; x_wconf 86' lang='lat' dir='ltr'>pectore</span> <span class='ocrx_word' id='word_1_180' title='bbox 1239 1355 1429 1384; x_wconf 89' lang='lat' dir='ltr'>crescere</span> <span class='ocrx_word' id='word_1_181' title='bbox 1472 1359 1475 1368; x_wconf 93' lang='lat'>··</span> 
     </span>
     <span class='ocr_line' id='line_1_23' title="bbox 81 1404 1429 1454; baseline -0.001 -10"><span class='ocrx_word' id='word_1_182' title='bbox 81 1416 225 1454; x_wconf 91' lang='lat' dir='ltr'>neque</span> <span class='ocrx_word' id='word_1_183' title='bbox 259 1406 374 1454; x_wconf 92' lang='lat' dir='ltr'>prius</span> <span class='ocrx_word' id='word_1_184' title='bbox 408 1404 560 1450; x_wconf 90' lang='lat' dir='ltr'>sedari,</span> <span class='ocrx_word' id='word_1_185' title='bbox 593 1416 725 1454; x_wconf 91' lang='lat' dir='ltr'>quam</span> <span class='ocrx_word' id='word_1_186' title='bbox 758 1406 891 1443; x_wconf 88' lang='lat' dir='ltr'>virtus</span> <span class='ocrx_word' id='word_1_187' title='bbox 926 1416 1075 1444; x_wconf 92' lang='lat' dir='ltr'>eorum</span> <span class='ocrx_word' id='word_1_188' title='bbox 1110 1404 1270 1443; x_wconf 83' lang='lat' dir='ltr'>famam</span> <span class='ocrx_word' id='word_1_189' title='bbox 1298 1408 1429 1453; x_wconf 90' lang='lat' dir='ltr'>atque</span> 
     </span>
     <span class='ocr_line' id='line_1_24' title="bbox 82 1463 1480 1514; baseline -0.002 -11"><span class='ocrx_word' id='word_1_190' title='bbox 82 1464 263 1514; x_wconf 86' lang='lat' dir='ltr'>gloriam</span> <span class='ocrx_word' id='word_1_191' title='bbox 297 1463 618 1513; x_wconf 87' lang='lat' dir='ltr'>adaequaverit.</span> <span class='ocrx_word' id='word_1_192' title='bbox 663 1468 705 1503; x_wconf 92' lang='lat' dir='ltr'>at</span> <span class='ocrx_word' id='word_1_193' title='bbox 737 1469 885 1504; x_wconf 89' lang='lat' dir='ltr'>contra</span> <span class='ocrx_word' id='word_1_194' title='bbox 918 1465 1015 1513; x_wconf 90' lang='lat' dir='ltr'>quis</span> <span class='ocrx_word' id='word_1_195' title='bbox 1049 1468 1113 1503; x_wconf 89' lang='lat' dir='ltr'>est</span> <span class='ocrx_word' id='word_1_196' title='bbox 1139 1465 1335 1503; x_wconf 90' lang='lat' dir='ltr'>omnium</span> <span class='ocrx_word' id='word_1_197' title='bbox 1363 1463 1429 1502; x_wconf 83' lang='lat' dir='ltr'>his</span> <span class='ocrx_word' id='word_1_198' title='bbox 1457 1467 1480 1498; x_wconf 73' lang='grc'><strong>7</strong></span> 
     </span>
     <span class='ocr_line' id='line_1_25' title="bbox 82 1523 1430 1572; baseline 0 -10"><span class='ocrx_word' id='word_1_199' title='bbox 82 1523 287 1568; x_wconf 91' lang='lat' dir='ltr'>moribus,</span> <span class='ocrx_word' id='word_1_200' title='bbox 308 1524 412 1572; x_wconf 92' lang='lat' dir='ltr'>quin</span> <span class='ocrx_word' id='word_1_201' title='bbox 434 1523 594 1562; x_wconf 90' lang='lat' dir='ltr'>divitiis</span> <span class='ocrx_word' id='word_1_202' title='bbox 617 1528 657 1563; x_wconf 91' lang='lat' dir='ltr'>et</span> <span class='ocrx_word' id='word_1_203' title='bbox 675 1523 933 1572; x_wconf 88' lang='lat' dir='ltr'>sumptibus,</span> <span class='ocrx_word' id='word_1_204' title='bbox 954 1535 1042 1563; x_wconf 94' lang='lat' dir='ltr'>non</span> <span class='ocrx_word' id='word_1_205' title='bbox 1059 1523 1271 1572; x_wconf 91' lang='lat' dir='ltr'>probitate</span> <span class='ocrx_word' id='word_1_206' title='bbox 1287 1533 1430 1572; x_wconf 92' lang='lat' dir='ltr'>neque</span> 
     </span>
    </p>

    <p class='ocr_par' dir='ltr' id='par_1_7' title="bbox 29 1582 1483 1873">
     <span class='ocr_line' id='line_1_26' title="bbox 29 1582 1430 1622; baseline -0.001 0"><span class='ocrx_word' id='word_1_207' title='bbox 29 1589 64 1615; x_wconf 79' lang='lat'>25</span> <span class='ocrx_word' id='word_1_208' title='bbox 84 1582 293 1622; x_wconf 88' lang='lat' dir='ltr'>industria</span> <span class='ocrx_word' id='word_1_209' title='bbox 313 1594 411 1621; x_wconf 89' lang='lat' dir='ltr'>cum</span> <span class='ocrx_word' id='word_1_210' title='bbox 432 1582 668 1622; x_wconf 89' lang='lat' dir='ltr'>maioribus</span> <span class='ocrx_word' id='word_1_211' title='bbox 691 1583 779 1622; x_wconf 91' lang='lat' dir='ltr'>suis</span> <span class='ocrx_word' id='word_1_212' title='bbox 795 1583 1058 1622; x_wconf 82' lang='lat' dir='ltr'>contendat?</span> <span class='ocrx_word' id='word_1_213' title='bbox 1085 1584 1213 1622; x_wconf 90' lang='lat' dir='ltr'>etiam</span> <span class='ocrx_word' id='word_1_214' title='bbox 1230 1583 1430 1622; x_wconf 89' lang='lat' dir='ltr'>homines</span> 
     </span>
     <span class='ocr_line' id='line_1_27' title="bbox 85 1641 1430 1691; baseline 0 -11"><span class='ocrx_word' id='word_1_215' title='bbox 85 1642 200 1687; x_wconf 88' lang='lat' dir='ltr'>novi,</span> <span class='ocrx_word' id='word_1_216' title='bbox 236 1642 309 1690; x_wconf 92' lang='lat' dir='ltr'>qui</span> <span class='ocrx_word' id='word_1_217' title='bbox 347 1646 474 1681; x_wconf 90' lang='lat' dir='ltr'>antea</span> <span class='ocrx_word' id='word_1_218' title='bbox 510 1653 585 1691; x_wconf 91' lang='lat' dir='ltr'>per</span> <span class='ocrx_word' id='word_1_219' title='bbox 619 1643 819 1681; x_wconf 90' lang='lat' dir='ltr'>virtutem</span> <span class='ocrx_word' id='word_1_220' title='bbox 857 1642 970 1682; x_wconf 90' lang='lat' dir='ltr'>soliti</span> <span class='ocrx_word' id='word_1_221' title='bbox 1008 1646 1127 1681; x_wconf 90' lang='lat' dir='ltr'>erant</span> <span class='ocrx_word' id='word_1_222' title='bbox 1160 1641 1430 1682; x_wconf 86' lang='lat' dir='ltr'>nobilitatem</span> 
     </span>
     <span class='ocr_line' id='line_1_28' title="bbox 85 1701 1430 1750; baseline 0 -11"><span class='ocrx_word' id='word_1_223' title='bbox 85 1702 346 1746; x_wconf 90' lang='lat' dir='ltr'>antevenire,</span> <span class='ocrx_word' id='word_1_224' title='bbox 380 1701 520 1740; x_wconf 77' lang='lat' dir='ltr'>furtim</span> <span class='ocrx_word' id='word_1_225' title='bbox 554 1706 595 1740; x_wconf 90' lang='lat' dir='ltr'>et</span> <span class='ocrx_word' id='word_1_226' title='bbox 623 1713 698 1750; x_wconf 91' lang='lat' dir='ltr'>per</span> <span class='ocrx_word' id='word_1_227' title='bbox 723 1701 946 1741; x_wconf 88' lang='lat' dir='ltr'>latrocinia</span> <span class='ocrx_word' id='word_1_228' title='bbox 973 1702 1118 1750; x_wconf 89' lang='lat' dir='ltr'>potius</span> <span class='ocrx_word' id='word_1_229' title='bbox 1145 1712 1276 1750; x_wconf 92' lang='lat' dir='ltr'>quam</span> <span class='ocrx_word' id='word_1_230' title='bbox 1304 1701 1430 1740; x_wconf 90' lang='lat' dir='ltr'>bonis</span> 
     </span>
     <span class='ocr_line' id='line_1_29' title="bbox 85 1760 1483 1809; baseline 0 -11"><span class='ocrx_word' id='word_1_231' title='bbox 85 1760 246 1799; x_wconf 92' lang='lat' dir='ltr'>artibus</span> <span class='ocrx_word' id='word_1_232' title='bbox 279 1760 334 1798; x_wconf 93' lang='lat' dir='ltr'>ad</span> <span class='ocrx_word' id='word_1_233' title='bbox 368 1761 548 1809; x_wconf 90' lang='lat' dir='ltr'>imperia</span> <span class='ocrx_word' id='word_1_234' title='bbox 575 1765 616 1800; x_wconf 92' lang='lat' dir='ltr'>et</span> <span class='ocrx_word' id='word_1_235' title='bbox 642 1760 831 1800; x_wconf 91' lang='lat' dir='ltr'>honores</span> <span class='ocrx_word' id='word_1_236' title='bbox 858 1761 1065 1805; x_wconf 69' lang='lat' dir='ltr'>nituntur:</span> <span class='ocrx_word' id='word_1_237' title='bbox 1099 1760 1280 1809; x_wconf 86' lang='lat' dir='ltr'>proinde</span> <span class='ocrx_word' id='word_1_238' title='bbox 1307 1761 1430 1809; x_wconf 92' lang='lat' dir='ltr'>quasi</span> <span class='ocrx_word' id='word_1_239' title='bbox 1459 1762 1483 1794; x_wconf 79' lang='grc'><strong>8</strong></span> 
     </span>
     <span class='ocr_line' id='line_1_30' title="bbox 87 1819 1431 1873; baseline 0 -16"><span class='ocrx_word' id='word_1_240' title='bbox 87 1824 284 1868; x_wconf 88' lang='lat' dir='ltr'>praetura</span> <span class='ocrx_word' id='word_1_241' title='bbox 317 1824 358 1858; x_wconf 90' lang='lat' dir='ltr'>et</span> <span class='ocrx_word' id='word_1_242' title='bbox 385 1819 635 1859; x_wconf 91' lang='lat' dir='ltr'>consulatus</span> <span class='ocrx_word' id='word_1_243' title='bbox 662 1824 793 1873; x_wconf 89' lang='lat' dir='ltr'>atque</span> <span class='ocrx_word' id='word_1_244' title='bbox 820 1820 903 1859; x_wconf 89' lang='lat' dir='ltr'>alia</span> <span class='ocrx_word' id='word_1_245' title='bbox 931 1821 1079 1859; x_wconf 90' lang='lat' dir='ltr'>omnia</span> <span class='ocrx_word' id='word_1_246' title='bbox 1105 1819 1285 1859; x_wconf 84' lang='lat' dir='ltr'>huiusce</span> <span class='ocrx_word' id='word_1_247' title='bbox 1312 1819 1431 1859; x_wconf 91' lang='lat' dir='ltr'>modi</span> 
     </span>
    </p>

    <p class='ocr_par' dir='ltr' id='par_1_8' title="bbox 34 1878 1485 2106">
     <span class='ocr_line' id='line_1_31' title="bbox 34 1878 1432 1928; baseline 0 -11"><span class='ocrx_word' id='word_1_248' title='bbox 34 1884 67 1911; x_wconf 77' lang='lat'>30</span> <span class='ocrx_word' id='word_1_249' title='bbox 88 1889 161 1927; x_wconf 89' lang='lat' dir='ltr'>per</span> <span class='ocrx_word' id='word_1_250' title='bbox 187 1889 235 1917; x_wconf 94' lang='lat' dir='ltr'>se</span> <span class='ocrx_word' id='word_1_251' title='bbox 255 1879 351 1927; x_wconf 91' lang='lat' dir='ltr'>ipsa</span> <span class='ocrx_word' id='word_1_252' title='bbox 371 1878 483 1917; x_wconf 91' lang='lat' dir='ltr'>clara</span> <span class='ocrx_word' id='word_1_253' title='bbox 504 1884 545 1918; x_wconf 94' lang='lat' dir='ltr'>et</span> <span class='ocrx_word' id='word_1_254' title='bbox 566 1879 798 1928; x_wconf 75' lang='lat' dir='ltr'>magnifica</span> <span class='ocrx_word' id='word_1_255' title='bbox 819 1881 902 1918; x_wconf 88' lang='lat' dir='ltr'>sint</span> <span class='ocrx_word' id='word_1_256' title='bbox 923 1890 973 1918; x_wconf 91' lang='lat' dir='ltr'>ac</span> <span class='ocrx_word' id='word_1_257' title='bbox 994 1890 1082 1918; x_wconf 92' lang='lat' dir='ltr'>non</span> <span class='ocrx_word' id='word_1_258' title='bbox 1102 1879 1280 1928; x_wconf 90' lang='lat' dir='ltr'>perinde</span> <span class='ocrx_word' id='word_1_259' title='bbox 1302 1879 1432 1918; x_wconf 89' lang='lat' dir='ltr'>habe-</span> 
     </span>
     <span class='ocr_line' id='line_1_32' title="bbox 88 1939 1485 1987; baseline 0.001 -12"><span class='ocrx_word' id='word_1_260' title='bbox 88 1941 222 1983; x_wconf 85' lang='lat' dir='ltr'>antur,</span> <span class='ocrx_word' id='word_1_261' title='bbox 248 1943 294 1976; x_wconf 93' lang='lat' dir='ltr'>ut</span> <span class='ocrx_word' id='word_1_262' title='bbox 321 1949 469 1977; x_wconf 91' lang='lat' dir='ltr'>eorum</span> <span class='ocrx_word' id='word_1_263' title='bbox 498 1939 570 1987; x_wconf 94' lang='lat' dir='ltr'>qui</span> <span class='ocrx_word' id='word_1_264' title='bbox 599 1949 651 1978; x_wconf 92' lang='lat' dir='ltr'>ea</span> <span class='ocrx_word' id='word_1_265' title='bbox 677 1939 889 1977; x_wconf 88' lang='lat' dir='ltr'>sustinent</span> <span class='ocrx_word' id='word_1_266' title='bbox 908 1939 1042 1977; x_wconf 90' lang='lat' dir='ltr'>virtus</span> <span class='ocrx_word' id='word_1_267' title='bbox 1065 1943 1140 1978; x_wconf 92' lang='lat' dir='ltr'>est.</span> <span class='ocrx_word' id='word_1_268' title='bbox 1177 1949 1327 1977; x_wconf 88' lang='lat' dir='ltr'>verum</span> <span class='ocrx_word' id='word_1_269' title='bbox 1350 1949 1431 1987; x_wconf 91' lang='lat' dir='ltr'>ego</span> <span class='ocrx_word' id='word_1_270' title='bbox 1460 1940 1485 1972; x_wconf 73' lang='grc'>9</span> 
     </span>
     <span class='ocr_line' id='line_1_33' title="bbox 88 1996 1432 2046; baseline 0.001 -12"><span class='ocrx_word' id='word_1_271' title='bbox 88 1996 261 2035; x_wconf 88' lang='lat' dir='ltr'>liberius</span> <span class='ocrx_word' id='word_1_272' title='bbox 301 1997 517 2046; x_wconf 88' lang='lat' dir='ltr'>altiusque</span> <span class='ocrx_word' id='word_1_273' title='bbox 556 1998 758 2046; x_wconf 90' lang='lat' dir='ltr'>processi,</span> <span class='ocrx_word' id='word_1_274' title='bbox 797 1998 900 2036; x_wconf 91' lang='lat' dir='ltr'>dum</span> <span class='ocrx_word' id='word_1_275' title='bbox 938 2009 1008 2037; x_wconf 91' lang='lat' dir='ltr'>me</span> <span class='ocrx_word' id='word_1_276' title='bbox 1045 1998 1227 2036; x_wconf 90' lang='lat' dir='ltr'>civitatis</span> <span class='ocrx_word' id='word_1_277' title='bbox 1263 2008 1432 2036; x_wconf 90' lang='lat' dir='ltr'>morum</span> 
     </span>
     <span class='ocr_line' id='line_1_34' title="bbox 90 2056 1137 2106; baseline 0.001 -12"><span class='ocrx_word' id='word_1_278' title='bbox 90 2056 208 2104; x_wconf 89' lang='lat' dir='ltr'>piget</span> <span class='ocrx_word' id='word_1_279' title='bbox 234 2056 478 2104; x_wconf 91' lang='lat' dir='ltr'>taedetque.</span> <span class='ocrx_word' id='word_1_280' title='bbox 518 2068 634 2095; x_wconf 88' lang='lat' dir='ltr'>nunc</span> <span class='ocrx_word' id='word_1_281' title='bbox 661 2056 715 2094; x_wconf 88' lang='lat' dir='ltr'>ad</span> <span class='ocrx_word' id='word_1_282' title='bbox 745 2057 964 2106; x_wconf 89' lang='lat' dir='ltr'>inceptum</span> <span class='ocrx_word' id='word_1_283' title='bbox 993 2056 1137 2096; x_wconf 90' lang='lat' dir='ltr'>redeo.</span> 
     </span>
    </p>
   </div>
   <div class='ocr_carea' id='block_1_3' title="bbox 149 2156 1443 2248">
    <p class='ocr_par' dir='ltr' id='par_1_9' title="bbox 149 2156 1443 2248">
     <span class='ocr_line' id='line_1_35' title="bbox 152 2156 1443 2201; baseline 0.002 -11"><span class='ocrx_word' id='word_1_284' title='bbox 152 2159 195 2191; x_wconf 90' lang='grc'>10</span> <span class='ocrx_word' id='word_1_285' title='bbox 221 2161 449 2199; x_wconf 87' lang='lat' dir='ltr'>magistratus</span> <span class='ocrx_word' id='word_1_286' title='bbox 474 2156 706 2194; x_wconf 85' lang='lat' dir='ltr'>P¹BKan</span> <span class='ocrx_word' id='word_1_287' title='bbox 733 2162 979 2201; x_wconf 85' lang='lat' dir='ltr'>magistratum</span> <span class='ocrx_word' id='word_1_288' title='bbox 1007 2162 1085 2194; x_wconf 85' lang='lat' dir='ltr'>rell.</span> <span class='ocrx_word' id='word_1_289' title='bbox 1144 2159 1225 2200; x_wconf 89' lang='lat' dir='ltr'>sim]</span> <span class='ocrx_word' id='word_1_290' title='bbox 1253 2170 1332 2193; x_wconf 90' lang='lat' dir='ltr'>sum</span> <span class='ocrx_word' id='word_1_291' title='bbox 1359 2158 1443 2193; x_wconf 84' lang='grc' dir='ltr'>ΗΓ</span> 
     </span>
     <span class='ocr_line' id='line_1_36' title="bbox 149 2203 1435 2248; baseline 0.002 -10"><span class='ocrx_word' id='word_1_292' title='bbox 149 2207 194 2238; x_wconf 90' lang='grc'>28</span> <span class='ocrx_word' id='word_1_293' title='bbox 221 2209 375 2246; x_wconf 86' lang='lat' dir='ltr'>proinde</span> <span class='ocrx_word' id='word_1_294' title='bbox 402 2206 682 2241; x_wconf 78' lang='lat' dir='ltr'>A²CNKHnm</span> <span class='ocrx_word' id='word_1_295' title='bbox 710 2210 860 2248; x_wconf 89' lang='lat' dir='ltr'>perinde</span> <span class='ocrx_word' id='word_1_296' title='bbox 888 2210 965 2241; x_wconf 81' lang='lat' dir='ltr'>rell.</span> <span class='ocrx_word' id='word_1_297' title='bbox 1039 2209 1084 2240; x_wconf 89' lang='grc'>30</span> <span class='ocrx_word' id='word_1_298' title='bbox 1112 2210 1265 2247; x_wconf 89' lang='lat' dir='ltr'>proinde</span> <span class='ocrx_word' id='word_1_299' title='bbox 1285 2203 1435 2240; x_wconf 60' lang='grc' dir='ltr'>ΑῙΝΗ1</span> 
     </span>
    </p>
   </div>
   <div class='ocr_carea' id='block_1_4' title="bbox 92 2254 1437 2342">
    <p class='ocr_par' dir='ltr' id='par_1_10' title="bbox 92 2254 1437 2342">
     <span class='ocr_line' id='line_1_37' title="bbox 149 2254 1437 2295; baseline 0.002 -10"><span class='ocrx_word' id='word_1_300' title='bbox 149 2254 193 2286; x_wconf 92' lang='grc'>32</span> <span class='ocrx_word' id='word_1_301' title='bbox 221 2255 305 2286; x_wconf 89' lang='lat' dir='ltr'>dum</span> <span class='ocrx_word' id='word_1_302' title='bbox 327 2277 355 2286; x_wconf 90' lang='lat'>..</span> <span class='ocrx_word' id='word_1_303' title='bbox 372 2279 380 2287; x_wconf 91' lang='lat'>.</span> <span class='ocrx_word' id='word_1_304' title='bbox 401 2256 596 2295; x_wconf 80' lang='lat' dir='ltr'>taedetque</span> <span class='ocrx_word' id='word_1_305' title='bbox 621 2257 729 2288; x_wconf 73' lang='lat' dir='ltr'>Aras.</span> <span class='ocrx_word' id='word_1_306' title='bbox 749 2266 905 2295; x_wconf 64' lang='lat' dir='ltr'>gramm.</span> <span class='ocrx_word' id='word_1_307' title='bbox 924 2256 981 2288; x_wconf 86' lang='lat' dir='ltr'>Vll</span> <span class='ocrx_word' id='word_1_308' title='bbox 998 2259 1069 2294; x_wconf 83' lang='lat'>513,</span> <span class='ocrx_word' id='word_1_309' title='bbox 1084 2260 1125 2288; x_wconf 76' lang='lat'>20</span> <span class='ocrx_word' id='word_1_310' title='bbox 1221 2256 1265 2288; x_wconf 87' lang='lat'>33</span> <span class='ocrx_word' id='word_1_311' title='bbox 1292 2256 1339 2287; x_wconf 86' lang='lat' dir='ltr'>ad</span> <span class='ocrx_word' id='word_1_312' title='bbox 1365 2257 1437 2288; x_wconf 84' lang='lat' dir='ltr'>inc.</span> 
     </span>
     <span class='ocr_line' id='line_1_38' title="bbox 92 2301 832 2342; baseline 0.004 -10"><span class='ocrx_word' id='word_1_313' title='bbox 92 2301 201 2333; x_wconf 84' lang='lat' dir='ltr'>redeo</span> <span class='ocrx_word' id='word_1_314' title='bbox 227 2302 336 2334; x_wconf 80' lang='lat' dir='ltr'>Proh.</span> <span class='ocrx_word' id='word_1_315' title='bbox 358 2304 444 2335; x_wconf 81' lang='lat' dir='ltr'>inst.</span> <span class='ocrx_word' id='word_1_316' title='bbox 464 2313 622 2342; x_wconf 76' lang='lat' dir='ltr'>yramm.</span> <span class='ocrx_word' id='word_1_317' title='bbox 641 2304 688 2336; x_wconf 75' lang='lat' dir='ltr'>IV</span> <span class='ocrx_word' id='word_1_318' title='bbox 706 2307 776 2342; x_wconf 74' lang='grc'><strong><em>184,</em></strong></span> <span class='ocrx_word' id='word_1_319' title='bbox 791 2308 832 2335; x_wconf 85' lang='grc'>27</span> 
     </span>
    </p>
   </div>
  </div>
 </body>
</html>
