1593 2496
125 42 206 86 128
555 38 595 76 C.
616 38 861 75 SALLUSTI
890 38 1047 75 cmsm

116 153 247 202 paulo
275 156 591 203 processerant,
620 152 708 201 igni
737 155 811 190 aut
839 150 1057 200 lapidibus
1079 152 1473 200 corrumpebantur.

67 218 87 249 9
115 213 272 252 milites
299 223 444 262 neque
472 222 548 260 pro
580 221 711 260 opere
740 211 978 250 consistere
1006 214 1178 259 propter
1203 211 1472 260 iniquitatem

115 273 198 312 loci
224 283 370 321 neque
396 273 504 311 inter
531 271 682 309 vineas
711 271 805 309 sine
833 269 1027 318 periculo
1055 269 1370 309 administrare:
1398 281 1473 319 op-

114 337 259 370 tumus
281 333 467 380 quisque
490 329 644 369 cadere
664 333 738 368 aut
759 330 955 374 sauciari,
979 329 1130 368 ceteris
1151 332 1292 368 metus
1313 330 1472 379 augeri.

49 391 103 430 93
115 396 157 430 at
177 390 338 429 Marius
365 389 511 428 multis
539 388 693 428 diebus
716 392 757 427 et
778 387 1002 427 laboribus
1026 389 1294 437 consumptis
1315 389 1469 427 anxius
1512 399 1530 426 5

115 450 281 489 trahere
303 461 402 488 curn
422 449 569 487 animo
592 459 685 493 suo,
711 448 985 487 omitteretne
1008 449 1241 496 inceptum,
1264 449 1472 496 quoniam

114 509 266 548 frustra
300 513 399 553 erat,
436 518 489 546 an
525 506 740 546 fortunam
775 507 1054 555 opperiretur,
1094 517 1180 555 qua
1213 517 1345 555 saepe
1378 518 1473 555 pro-

67 574 87 605 2
116 579 240 617 spere
276 579 380 607 usus
417 567 563 606 fuerat.
603 577 715 615 quae
755 577 888 614 quom
923 565 1084 605 multos
1119 565 1212 604 dies
1246 567 1473 615 noctisque

116 631 320 667 aestuans
342 628 535 676 agitaret,
557 625 663 665 forte
685 625 863 674 quidam
886 624 1030 674 Ligus,
1053 635 1104 663 ex
1127 624 1378 664 cohortibus
1400 636 1473 663 au-

117 687 290 726 xiliariis
318 685 441 725 miles
469 685 703 735 gregarius,
731 685 877 723 castris
899 689 1108 733 aquatum
1132 694 1332 732 egressus
1355 683 1472 722 haud
1495 692 1529 720 ιο

119 745 266 795 procul
299 745 353 784 ab
388 745 519 784 latere
553 743 728 789 castelli,
767 743 885 792 quod
919 754 1125 782 avorsum
1164 742 1476 791 proeliantibus

119 809 219 851 erat,
231 805 425 844 animum
442 803 627 843 advortit
644 804 751 842 inter
766 813 871 841 saxa
886 804 1075 851 repentis
1092 802 1275 848 cocleas,
1293 813 1475 851 quarum

119 876 252 914 quom
281 875 413 902 unam
440 867 571 912 atque
599 862 788 907 alteram,
823 862 922 901 dein
951 861 1096 910 plures
1125 865 1299 910 peteret,
1327 860 1474 901 studio

119 924 296 974 legundi
331 922 538 972 paulatim
574 932 708 971 prope
742 921 796 959 ad
831 933 1050 959 summum
1084 921 1244 960 montis
1272 931 1476 970 egressus

72 989 91 1021 3
120 988 194 1023 est.
235 983 308 1021 ubi
341 986 575 1031 postquam
609 980 888 1020 solitudinem
928 980 1148 1025 intellexit,
1181 991 1301 1019 more
1330 981 1474 1029 ingeni
1497 988 1530 1016 15

71 1048 91 1079 4
120 1043 299 1081 humani
322 1041 480 1090 cupido
501 1040 692 1079 difficilia
708 1039 898 1078 faciundi
914 1040 1107 1078 animum
1124 1039 1286 1078 adorta.
1315 1043 1355 1078 et
1371 1039 1476 1079 forte

121 1103 162 1140 in
179 1113 231 1141 eo
248 1101 344 1141 loco
361 1100 536 1150 grandis
554 1100 637 1138 ilex
653 1099 871 1138 coaluerat
887 1099 994 1138 inter
1009 1109 1125 1143 saxa,
1148 1097 1324 1146 paulum
1342 1098 1476 1138 modo

122 1172 268 1210 prona,
302 1160 462 1199 deinde
496 1159 653 1198 inflexa
688 1163 818 1207 atque
846 1162 972 1196 aucta
999 1159 1041 1196 in
1070 1157 1353 1201 altitudinem,
1388 1168 1475 1206 quo

122 1224 276 1259 cuncta
289 1220 561 1269 gignentium
578 1223 729 1257 natura
745 1217 832 1256 fert.
855 1218 1011 1266 quoius
1027 1218 1156 1255 ramis
1173 1216 1318 1261 modo,
1342 1216 1474 1255 modo

123 1279 413 1319 eminentibus
442 1279 556 1317 saxis
584 1279 703 1316 nisus
725 1277 856 1326 Ligus
884 1277 925 1315 in
954 1275 1117 1315 castelli
1139 1275 1360 1324 planitiem
1385 1286 1475 1324 per·
1495 1283 1532 1312 20

122 1339 251 1384 venit,
267 1338 385 1388 quod
403 1338 543 1376 cuncti
559 1336 776 1375 Numidae
792 1336 941 1374 intenti
958 1334 1269 1384 proeliantibus
1284 1335 1477 1374 aderant.

76 1407 95 1437 5
125 1398 356 1447 exploratis
380 1396 596 1441 omnibus,
618 1407 731 1445 quae
753 1407 853 1434 mox
875 1396 973 1433 usui
994 1394 1083 1434 fore
1103 1394 1299 1439 ducebat,
1322 1394 1476 1433 eadem

125 1457 371 1507 regreditur,
392 1467 480 1496 non
502 1460 674 1500 temere,
697 1456 756 1493 uti
775 1454 1039 1499 ascenderat,
1062 1453 1139 1492 sed
1156 1457 1371 1502 temptans
1388 1464 1477 1492 om-

77 1525 96 1555 6
125 1518 197 1556 nia
224 1520 264 1556 et
286 1516 646 1564 circumspiciens.
681 1515 825 1563 itaque
848 1513 1029 1552 Marium
1052 1524 1234 1562 propere
1255 1512 1355 1558 adit,
1382 1517 1477 1551 acta

126 1577 291 1621 edocet,
318 1575 521 1620 hortatur,
542 1574 597 1612 ab
620 1584 671 1612 ea
692 1577 811 1621 parte
833 1584 919 1622 qua
941 1573 1033 1621 ipse
1054 1572 1307 1611 ascenderat
1329 1570 1477 1610 castel-
1497 1578 1532 1607 25

126 1636 214 1674 lum
242 1638 433 1683 temptet,
462 1632 686 1682 pollicetur
713 1643 809 1671 sese
837 1632 998 1671 itineris
1022 1630 1288 1680 periculique
1309 1631 1477 1669 ducem.

84 1710 94 1733 ι
127 1695 287 1734 Marius
315 1705 412 1733 cum
434 1692 589 1742 Ligure
611 1693 824 1740 promissa
846 1692 937 1729 eius
961 1691 1181 1739 cognitum
1204 1701 1255 1729 ex
1276 1700 1476 1738 praesen-

127 1755 241 1793 tibus
262 1754 387 1792 misit.
416 1763 600 1801 quorum
617 1752 676 1790 uti
693 1752 940 1800 quoiusque
956 1750 1177 1799 ingenium
1195 1753 1294 1794 erat,
1316 1749 1373 1787 ita
1390 1759 1475 1787 rem

128 1812 346 1852 difficilem
369 1821 442 1850 aut
463 1810 631 1850 facilem
648 1810 919 1854 nuntiavere;
941 1808 1131 1848 consulis
1147 1809 1316 1846 animus
1333 1813 1477 1846 tamen

80 1879 101 1911 8
129 1872 306 1921 paulurn
334 1871 545 1910 adrectus.
579 1871 724 1918 itaque
752 1880 803 1908 ex
831 1869 958 1917 copia
979 1868 1216 1906 tubicinum
1239 1871 1280 1906 et
1301 1867 1476 1906 cornici·
1495 1873 1531 1901 30

128 1943 232 1970 num
254 1941 434 1969 numero
457 1930 650 1978 quinque
668 1939 798 1977 quam
814 1927 1130 1967 velocissumos
1146 1926 1307 1975 delegit
1323 1930 1476 1965 etcum

203 2012 241 2043 11
277 2020 442 2043 aversum
477 2020 494 2041 s
521 2011 711 2042 adversum
739 2010 818 2041 rell.
919 2008 960 2039 16
986 2008 1114 2039 adorta
1139 2007 1301 2038 Eussner
1327 2006 1478 2038 advertit

129 2055 255 2092 PA¹K
281 2060 384 2090 vertit
411 2060 488 2091 rell.
591 2057 632 2088 18
659 2057 794 2088 inflexa
820 2055 984 2087 PBNKl
1011 2055 1107 2086 flexa
1133 2055 1211 2086 rell.
1299 2053 1340 2085 19
1367 2053 1478 2084 modo

130 2108 266 2139 deinde
292 2101 417 2137 A²CB
494 2105 539 2136 20
566 2106 601 2135 in
629 2099 788 2135 PA²CB
817 2113 874 2134 om
903 2104 980 2134 rell.
1056 2102 1219 2140 pervenit
1240 2101 1270 2131 X
1293 2100 1479 2139 perscribit

132 2156 209 2187 rell.
307 2153 347 2185 21
378 2154 476 2185 haud
503 2153 615 2191 proel.
635 2151 662 2183 P
689 2154 750 2182 aut
777 2151 887 2189 proel.
909 2146 1085 2189 lfs‘s‘proel.
1107 2148 1180 2180 AN
1278 2148 1320 2179 22
1348 2147 1476 2179 eadem

130 2196 389 2235 PA¹NT21m¹
412 2202 543 2233 eodem
565 2200 643 2231 rell.
718 2198 762 2230 23
783 2198 996 2229 escenderat
1016 2191 1124 2227 A¹N¹
1193 2195 1238 2235 27}
1259 2195 1334 2226 adit
1353 2194 1478 2225 Xlnm

133 2251 220 2281 adiit
247 2250 325 2281 rell.
399 2248 442 2280 25
470 2249 601 2280 edocet
627 2246 699 2277 Xm
726 2246 833 2277 docet
860 2245 937 2276 rell.
1012 2243 1223 2275 ascenderat
1246 2242 1296 2274 Xl
1325 2242 1476 2273 descen—

133 2298 233 2330 derat
258 2297 335 2329 rell.
