1593 2496
261 71 326 108 Ex
353 71 602 110 HISTORIIS
630 71 710 108 OR.
731 72 958 108 PHILIPPI.
986 71 1066 108 OR.
1089 71 1292 109 COTTAE
1374 78 1453 118 153

100 198 223 226 orum
244 185 414 226 auxiliis
436 190 477 225 et
497 185 651 224 virtute
673 196 788 229 mea;
805 186 846 223 in
870 185 966 234 quis
989 185 1193 224 omnibus
1213 197 1453 235 numquam

99 247 270 285 animus
303 245 481 294 negotio
509 244 644 283 defuit
670 255 815 293 neque
842 243 1024 283 decretis
1051 243 1193 288 labos;
1222 244 1363 284 malae
1390 257 1455 285 se-

100 305 359 354 cundaeque
393 315 458 343 res
486 314 606 352 opes.
634 314 721 342 non
750 303 973 352 ingenium
1002 303 1107 341 mihi
1135 304 1373 344 mutabant.
1413 309 1455 344 at

99 369 246 404 contra
272 365 314 403 in
343 363 408 402 his
431 363 613 402 miseriis
636 367 789 401 cuncta
810 374 880 401 me
902 373 999 401 curn
1022 362 1192 402 fortuna
1213 363 1455 404 deseruere.

55 433 73 459 5
99 428 320 472 praeterea
346 427 558 467 senectus,
585 433 660 470 per
686 433 734 461 se
760 423 916 471 gravis,
943 433 1089 461 curam
1118 422 1321 471 duplicat,
1350 424 1453 472 quoi

98 483 255 523 misero
292 487 387 521 acta
419 483 505 521 iam
538 487 679 521 aetate
712 492 767 520 ne
800 485 982 520 mortem
1018 480 1195 530 quidem
1224 482 1453 522 honestam

97 553 269 591 sperare
296 542 405 581 licet.
437 552 538 580 nam
566 542 601 580 si
629 541 840 590 parricida
860 540 991 580 vostri
1015 552 1110 579 sum
1134 545 1174 579 et
1194 541 1260 580 bis
1281 543 1453 591 genitus

98 601 166 641 hic
186 601 294 641 deos
316 601 483 650 penatis
505 611 628 640 meos
645 601 916 650 patriamque
932 605 972 639 et
987 611 1206 639 summum
1224 601 1454 650 imperium

97 659 198 699 vilia
224 660 380 706 habeo,
407 660 503 709 quis
531 659 635 698 mihi
657 660 759 699 vivo
787 660 999 699 cruciatus
1027 660 1131 698 satis
1159 665 1224 699 est
1245 665 1318 700 aut
1340 672 1454 710 quae

44 728 77 755 ιο
97 731 241 768 poena
261 721 461 759 mortuo?
482 720 585 768 quin
608 720 756 759 omnia
777 724 1017 758 memorata
1038 719 1156 767 apud
1178 719 1337 759 inferos
1354 732 1453 769 sup-

98 779 224 827 plicia
251 779 413 819 scelere
439 790 539 818 meo
565 779 661 818 vici.

154 838 192 877 A
219 840 356 887 prima
376 838 672 877 adulescentia
696 839 738 876 in
760 848 834 877 ore
854 842 1000 877 vostro
1024 839 1214 887 privatus
1238 844 1277 877 et
1299 839 1341 877 in
1363 850 1451 878 ma-

96 898 343 947 gistratibus
371 899 457 947 egi:
485 898 558 946 qui
586 897 747 947 lingua,
775 897 848 946 qui
876 897 1060 936 consilio
1088 909 1200 942 meo,
1228 899 1302 947 qui
1324 909 1452 947 pecu-

96 958 168 995 nia
199 957 389 1003 voluere,
424 957 490 996 usi
524 961 641 1001 sunt:
676 967 822 1005 neque
855 967 938 1006 ego
973 956 1174 996 callidam
1203 957 1451 997 facundiam

42 1026 76 1052 15
96 1027 239 1066 neque
266 1017 491 1066 ingenium
519 1016 574 1055 ad
602 1016 715 1055 male
742 1015 993 1054 faciundum
1023 1017 1210 1056 exercui:
1239 1017 1451 1056 avidissu-

97 1087 191 1114 mus
213 1076 405 1124 privatae
426 1076 589 1125 gratiae
610 1086 838 1114 maxumas
860 1076 1105 1114 inimicitias
1122 1087 1198 1124 pro
1218 1088 1261 1115 re
1278 1077 1452 1125 publica

94 1136 285 1184 suscepi;
313 1135 409 1184 quis
430 1135 568 1174 victus
590 1146 688 1174 cum
711 1134 783 1173 illa
804 1135 944 1181 simul,
966 1146 1101 1184 quom
1125 1146 1258 1185 egens
1280 1136 1452 1176 alienae

96 1194 192 1242 opis
220 1193 341 1243 plura
368 1194 484 1233 mala
511 1199 795 1243 expectarem,
828 1205 920 1239 vos,
948 1193 1147 1240 Quirites,
1174 1207 1318 1234 rursus
1346 1196 1449 1234 mihi

96 1254 275 1302 patriam
303 1253 500 1303 deosque
528 1254 697 1302 penatis
719 1265 816 1292 cum
842 1254 1005 1303 ingenti
1027 1254 1238 1303 dignitate
1259 1255 1450 1295 dedistis.

40 1321 76 1348 zo
97 1322 173 1360 pro
200 1312 358 1361 quibus
385 1312 608 1351 beneficiis
635 1313 706 1350 vix
734 1313 837 1351 satis
858 1318 1003 1362 gratus
1024 1313 1184 1359 videar,
1212 1315 1245 1352 si
1269 1315 1450 1364 singulis

95 1372 285 1410 animam
319 1382 451 1421 quam
484 1383 658 1421 nequeo
690 1373 990 1411 concesserim.
1025 1384 1125 1411 nam
1153 1374 1241 1412 vita
1269 1378 1309 1412 et
1336 1385 1450 1413 mors

95 1431 186 1469 iura
218 1435 396 1470 naturae
429 1435 544 1470 sunt:
571 1435 617 1470 ut
649 1431 743 1470 sine
770 1431 986 1471 dedecore
1013 1443 1110 1470 cum
1140 1433 1308 1471 civibus
1336 1433 1451 1472 fama

95 1495 135 1528 et
167 1489 347 1529 fortunis
374 1491 538 1540 integer
564 1501 682 1540 agas,
710 1491 751 1529 id
780 1490 898 1530 dono
926 1491 1050 1530 datur
1076 1496 1206 1540 atque
1234 1493 1450 1541 accipitur.

154 1547 368 1588 Consules
383 1561 464 1588 nos
480 1549 650 1595 fecistis,
667 1549 866 1595 Quirites,
882 1550 1450 1600 domibelliqueimpeditis-
1490 1568 1498 1584 ι

39 1617 74 1644 25
93 1619 219 1647 suma
239 1609 480 1657 republica.
510 1620 701 1658 namque
722 1610 1002 1658 imperatores
1031 1609 1270 1659 Hispaniae
1291 1612 1450 1660 stipen-

94 1666 213 1706 dium
245 1668 401 1707 milites
432 1679 551 1706 arma
577 1668 837 1708 frumentum
866 1673 1062 1717 poscunt,
1090 1674 1131 1708 et
1157 1669 1200 1708 id
1227 1681 1293 1709 res
1322 1671 1449 1720 cogit,

93 1727 302 1775 quoniam
325 1727 569 1766 defectione
589 1729 806 1767 sociorum
829 1732 870 1767 et
890 1727 1048 1768 Sertori
1071 1740 1145 1777 per
1165 1730 1325 1768 montis
1346 1729 1449 1780 fuga

94 1796 237 1834 neque
263 1797 395 1825 manu
423 1791 582 1826 certare
610 1792 792 1835 possunt
818 1798 962 1836 neque
990 1787 1109 1826 utilia
1132 1799 1292 1836 parare.
1333 1800 1449 1828 exer-

94 1845 201 1884 citus
223 1846 264 1883 in
286 1845 390 1884 Asia
412 1844 649 1895 Ciliciaque
670 1846 727 1885 ob
749 1847 905 1885 nimias
927 1857 1034 1895 opes
1051 1846 1307 1887 Mithridatis
1329 1848 1448 1887 alun-

38 1913 74 1939 30
94 1908 169 1949 tur,
195 1903 456 1944 Macedonia
476 1905 605 1954 plena
632 1905 822 1944 hostium
844 1910 908 1945 est
928 1917 1008 1945 nec
1030 1907 1171 1945 minus
1192 1906 1339 1946 Italiae
1360 1919 1448 1946 ma-

94 1963 249 2002 rituma
276 1968 316 2003 et
342 1965 673 2013 provinciarum,
706 1976 840 2014 quom
869 1965 1035 2004 interim
1063 1966 1294 2015 vectigalia
1315 1977 1448 2015 parva

94 2027 134 2060 et
167 2022 291 2062 bellis
321 2024 481 2063 incerta
506 2024 578 2062 vix
606 2028 769 2072 partem
797 2019 1105 2073 sumptu<u>m
1132 2026 1362 2065 sustinent:
1391 2027 1448 2065 ita

94 2080 244 2127 classe,
277 2093 390 2130 quae
423 2087 692 2122 commeatus
725 2083 935 2129 tuebatur,
968 2084 1134 2123 minore
1165 2095 1296 2134 quam
1319 2090 1446 2124 antea

1482 546 1501 577 3

94 2141 364 2190 navigamus.
403 2141 511 2181 haec
543 2143 578 2181 si
606 2142 708 2182 dolo
736 2148 810 2181 aut
835 2142 1037 2182 socordia
1063 2148 1209 2182 nostra
1230 2149 1447 2183 contracta
1474 2150 1500 2180 8

38 2208 75 2234 35
93 2204 203 2245 sunt,
230 2200 355 2250 agite,
383 2206 428 2239 ut
448 2207 597 2241 monet
618 2202 688 2247 ira,
710 2201 971 2251 supplicium
993 2203 1167 2241 sumite:
1190 2203 1256 2241 sin
1277 2203 1446 2242 fortuna

154 2281 174 2312 5
200 2284 351 2314 senecta
376 2282 447 2313 iarn
475 2285 595 2315 aetate
620 2282 722 2315 Serv.
742 2283 829 2315 Aen.
852 2287 901 2321 11,
918 2287 977 2315 165
1004 2286 1054 2315 ad
1081 2285 1195 2316 alium
1222 2285 1341 2316 locum
1369 2294 1445 2317 cre-

96 2329 252 2360 diderim
276 2330 464 2368 pertinere
536 2330 581 2362 32
607 2334 792 2369 sumptum
820 2330 852 2363 V

167 2388 366 2418 Sallustius:
389 2380 547 2422 Catilina,
570 2391 733 2425 Iugurtha
754 2391 806 2419 ed.
822 2392 984 2426 Ahlberg.
1006 2392 1157 2424 (Maior.)
1191 2387 1230 2422 11
