1593 2496
113 83 168 122 84
548 75 587 112 C.
609 74 852 112 SALLUSTI
881 74 1037 111 CRISPI

52 190 106 230 36
178 188 347 228 Interim
375 189 560 228 Albinus
588 194 797 228 renovato
825 187 940 227 bello
969 193 1273 234 commeatum,
1306 188 1465 237 stipen-

116 248 235 287 dium
256 248 443 298 aliaque‚
464 258 578 297 quae
598 247 805 286 militibus
821 248 918 286 usui
934 247 1083 292 forent,
1104 251 1288 286 maturat
1302 247 1344 285 in
1358 246 1467 286 Afri-

117 318 212 346 cam
240 311 427 356 portare;
454 317 505 346 ac
532 307 675 346 statim
704 307 798 356 ipse
822 306 1050 355 profectus,
1076 306 1137 345 uti
1158 310 1259 345 ante
1279 306 1467 352 comitia,

117 366 236 416 quod
258 371 431 415 tempus
452 366 570 405 haud
592 366 724 415 longe
745 366 903 412 aberat,
923 366 1052 404 armis
1068 369 1142 404 aut
1156 365 1378 405 deditione
1393 369 1467 407 aut

69 432 89 463 2
118 427 275 475 quovis
303 425 436 465 modo
464 424 627 464 bellum
655 425 896 465 conficeret.
929 429 971 464 at
999 428 1146 464 contra
1164 424 1367 474 Iugurtha
1387 429 1467 463 tra·
1497 431 1516 458 5

118 485 220 524 here
247 485 396 524 omnia
423 488 464 523 et
490 484 609 530 alias,
637 484 797 524 deinde
824 483 930 523 alias
958 494 1106 523 morae
1134 494 1287 522 causas
1308 483 1466 528 facere:

118 544 310 592 polliceri
339 544 608 583 deditionem
630 554 680 582 ac
701 543 861 582 deinde
881 548 1044 582 metum
1066 542 1286 588 simulare;
1313 543 1467 582 cedere

118 604 292 642 instanti
315 608 356 642 et
376 603 509 652 paulo
531 607 641 652 post,
663 614 718 642 ne
739 603 805 641 sui
821 602 1076 647 diffiderent,
1098 603 1271 641 instare:
1292 602 1350 640 ita
1365 601 1467 640 belli

69 671 89 702 3
117 663 263 709 modo,
291 663 425 702 modo
454 663 573 711 pacis
600 673 722 701 mora
749 661 973 701 consulem
1002 661 1235 701 ludificare.
1271 671 1321 699 ac
1348 660 1468 700 fuere

118 723 191 771 qui
219 727 309 761 tum
330 721 537 761 Albinum
566 721 684 760 haud
709 722 906 771 ignarum
929 720 1081 760 consili
1103 721 1215 770 regis
1237 720 1467 759 existuma-
1489 725 1522 753 10

118 786 210 820 rent
235 792 380 830 neque
408 792 460 820 ex
488 785 607 819 tanta
628 781 903 830 properantia
924 784 1011 819 tam
1034 779 1159 818 facile
1179 783 1359 818 tractum
1381 779 1468 818 bel-

71 850 90 880 4
119 840 207 879 lum
229 840 431 880 socordia
451 840 591 889 magis
613 851 745 889 quam
761 839 864 879 dolo
881 839 1113 878 crederent.
1141 838 1218 878 sed
1234 843 1467 887 postquam

119 900 289 949 dilapso
323 905 519 949 tempore
553 900 825 939 comitiorum
854 899 946 937 dies
974 898 1251 943 adventabat,
1283 897 1468 936 Albinus

118 958 232 999 Aulo
249 959 372 998 fratre
388 960 430 998 in
448 959 596 997 castris
612 969 687 1007 pro
705 963 900 1007 praetore
916 957 1062 997 relicto
1075 956 1258 997 Romam
1271 957 1468 996 decessit.

54 1024 108 1061 37
179 1017 238 1057 Ea
258 1022 517 1067 tempestate
532 1017 697 1057 Romae
719 1017 1006 1057 seditionibus
1022 1016 1258 1056 tribuniciis
1273 1017 1470 1055 atrociter
1490 1021 1525 1049 15

71 1086 90 1117 2
119 1088 185 1116 res
214 1077 387 1126 publica
414 1077 668 1127 agitabatur.
702 1076 743 1116 P.
765 1076 969 1115 Lucullus
998 1081 1037 1115 et
1059 1075 1101 1115 L.
1122 1075 1290 1114 Annius
1312 1074 1468 1114 tribuni

121 1137 260 1186 plebis
287 1136 586 1176 resistentibus
613 1135 793 1185 collegis
815 1136 1067 1175 continuare
1088 1136 1386 1184 magistratum
1408 1134 1469 1172 ni-

120 1196 331 1242 tebantur,
352 1207 466 1245 quae
487 1195 703 1235 dissensio
725 1196 856 1234 totius
878 1196 980 1233 anni
1002 1195 1176 1234 comitia
1191 1193 1469 1243 impediebat.

72 1265 91 1296 3
121 1267 172 1294 ea
192 1266 314 1295 mora
335 1256 377 1294 in
399 1266 522 1304 spem
545 1254 760 1293 adductus
780 1254 931 1299 Aulus,
958 1264 1087 1303 quern
1111 1264 1186 1302 pro
1209 1256 1405 1302 praetore
1426 1253 1468 1290 in

120 1315 267 1354 castris
294 1314 489 1354 relictum
517 1325 647 1363 supra
668 1314 867 1359 diximus,
895 1318 968 1352 aut
989 1312 1252 1352 conficiundi
1272 1311 1373 1351 belli
1395 1316 1468 1349 aut
1488 1316 1524 1345 20

119 1380 276 1413 terrore
313 1375 524 1413 exercitus
560 1373 615 1412 ab
652 1384 752 1422 rege
789 1373 1001 1422 pecuniae
1034 1371 1278 1420 capiundae
1311 1371 1468 1409 milites

120 1444 271 1472 mense
286 1433 484 1472 Ianuario
502 1444 553 1471 ex
569 1432 758 1471 hibernis
774 1433 815 1471 in
833 1431 1154 1480 expeditionem
1170 1434 1334 1475 evocat,
1351 1440 1470 1479 mag-

120 1494 275 1541 nisque
312 1492 535 1531 itineribus
571 1491 715 1530 hieme
751 1502 906 1540 aspera
942 1491 1137 1539 pervenit
1173 1489 1228 1528 ad
1256 1489 1468 1539 oppidum

72 1562 91 1591 4
120 1550 287 1597 Suthul,
324 1552 398 1590 ubi
434 1552 547 1601 regis
584 1550 773 1590 thesauri
811 1554 941 1589 erant.
975 1549 1093 1599 quod
1128 1559 1394 1598 quamquam
1429 1551 1471 1587 et

120 1611 302 1650 saevitia
334 1611 542 1660 temporis
577 1614 617 1649 et
648 1611 972 1658 opportunitate
1000 1608 1082 1648 loci
1104 1619 1247 1657 neque
1275 1608 1370 1656 capi
1398 1617 1470 1646 ne·
1489 1613 1525 1641 ὅ

121 1682 206 1719 que
221 1669 411 1709 obsideri
427 1674 594 1718 poterat
610 1689 663 1694 —
677 1680 777 1707 nam
794 1670 952 1707 circum
968 1679 1137 1706 murum
1153 1668 1281 1706 situm
1294 1668 1336 1705 in
1350 1677 1471 1715 prae-

121 1730 231 1778 rupti
259 1730 419 1768 montis
448 1733 639 1768 extremo
662 1728 863 1777 planities
885 1727 1041 1766 limosa
1063 1725 1321 1765 hiemalibus
1343 1725 1469 1774 aquis

122 1788 328 1837 paludem
350 1788 508 1828 fecerat
524 1807 591 1833 —‚
613 1791 758 1826 tamen
774 1791 848 1826 aut
863 1786 1095 1826 simulandi
1111 1786 1258 1835 gratia,
1279 1795 1366 1834 quo
1379 1785 1468 1834 regi

121 1847 396 1887 formidinem
424 1847 614 1892 adderet,
643 1851 716 1885 aut
744 1846 948 1895 cupidine
975 1856 1129 1884 caecus
1157 1844 1213 1883 ob
1241 1844 1469 1883 thesauros

121 1907 272 1956 oppidi
307 1906 506 1955 potiundi
532 1907 685 1945 vineas
713 1916 853 1955 agere,
887 1915 1091 1954 aggerem
1119 1905 1257 1942 iacere
1284 1902 1470 1951 aliaque,
1488 1909 1524 1938 30

60 1971 115 2011 38
126 1977 239 2015 quae
260 1967 433 2015 incepto
454 1967 552 2004 usui
573 1965 722 2010 forent,
744 1975 985 2013 properare.
1011 1968 1053 2002 at
1074 1962 1277 2012 Iugurtha
1296 1962 1471 2011 cognita

179 2093 200 2125 9
221 2094 322 2133 pacis
337 2118 345 2125 .
361 2118 368 2125 .
383 2119 389 2125 .
407 2093 593 2126 ludificare
613 2094 719 2126 Aras.
733 2102 889 2132 mamm.
909 2092 967 2124 Vll
977 2094 1049 2129 490,
1063 2095 1103 2122 22
1153 2088 1356 2128 consulem]
1372 2090 1469 2128 prim

120 2142 239 2180 cipem
272 2141 379 2173 Aras.
453 2141 630 2173 ludificari
661 2141 767 2173 Aras.
868 2139 912 2171 19
944 2136 1072 2176 Aulus]
1101 2137 1257 2170 Albinus
1283 2131 1468 2169 PAN¹K1

120 2190 278 2228 itemque
299 2197 327 2220 c.
347 2192 399 2224 38,
414 2193 444 2220 2.
464 2192 514 2227 38,
536 2193 566 2220 4.
585 2191 637 2227 38,
651 2192 682 2220 9.
701 2192 752 2226 39,
769 2191 784 2219 1
853 2187 898 2219 23
919 2195 1005 2224 opp.
1021 2186 1147 2217 Suthul
1166 2185 1299 2217 *Prisca
1312 2193 1469 2223 ιωτιηιηι.

120 2236 152 2267 ΙΙ
171 2239 241 2275 147,
255 2239 293 2267 21
345 2235 390 2267 27
411 2236 516 2274 aquis
531 2236 777 2267 hiemantibus
797 2234 879 2266 Seri,
895 2235 999 2273 epist.
1017 2237 1067 2269 19,
1082 2237 1101 2264 5
1116 2231 1218 2272 (114),
1236 2236 1274 2263 19
1322 2231 1367 2264 :30
1381 2231 1469 2262 alia-

121 2291 193 2322 que
214 2308 221 2315 .
238 2306 245 2313 .
261 2307 269 2314 .
291 2291 485 2322 properare
510 2283 617 2314 Aras.
637 2291 792 2321 mamm.
814 2281 871 2313 Vll
888 2284 959 2319 502,
977 2285 1012 2312 11
1089 2281 1127 2312 31
1160 2288 1254 2319 quae
1276 2304 1282 2311 .
1300 2303 1307 2311 .
1322 2302 1332 2313 .
1351 2278 1472 2310 forent

120 2339 190 2362 om.
211 2330 317 2362 Artis.
