1593 2496
128 80 181 120 58
561 73 603 110 e.
622 73 865 110 SALLUSTI
894 73 1050 111 cmsm

127 186 318 226 hostium
335 187 554 237 cognovit,
569 185 705 226 multo
721 186 870 226 labore
885 186 1108 236 multaque
1124 197 1236 234 cura,
1257 191 1477 236 praeterea

126 245 468 286 modestissume
489 245 683 295 parendo
705 250 746 285 et
767 256 900 295 saepe
922 246 1098 285 obviam
1115 246 1260 286 eundo
1277 246 1478 296 periculis

127 306 170 344 in
191 309 355 345 tantam
378 304 679 344 claritudinem
693 304 813 345 brevi
830 310 1096 355 pervenerat,
1116 309 1162 344 ut
1176 306 1333 346 nostris
1347 305 1478 346 vehe-

79 369 99 400 5
126 369 292 404 menter
307 375 443 409 carus,
461 363 738 403 Numantinis
754 375 959 404 maxumo
976 364 1121 404 terrori
1137 369 1262 404 esset.
1289 375 1340 404 ac
1361 375 1479 411 sane,

128 423 248 473 quod
285 423 602 462 difficillumum
636 423 679 462 in
713 423 860 473 primis
894 427 970 470 est,
1007 428 1047 463 et
1081 423 1246 472 proelio
1280 428 1478 464 strenuos
1502 433 1521 460 5

128 487 216 522 erat
245 488 285 522 et
312 483 454 523 bonus
483 482 679 528 consilio,
707 493 892 532 quorum
920 482 1100 522 alterum
1129 493 1180 522 ex
1206 482 1479 532 providentia

128 542 339 587 timorem,
372 541 553 581 alterum
585 553 637 581 ex
670 541 854 580 audacia
888 542 1173 581 temeritatem
1199 541 1364 582 adferre
1391 542 1479 591 ple·

80 605 102 636 6
129 612 311 650 rumque
345 600 467 640 solet.
513 601 640 650 igitur
669 601 901 650 imperator
928 601 1071 641 omnis
1098 600 1185 640 fere
1212 612 1278 640 res
1302 612 1478 650 asperas

127 671 203 709 per
223 659 472 710 Iugurtham
494 671 636 710 agere,
658 660 700 698 in
722 660 873 699 amicis
894 659 1067 706 habere,
1089 660 1229 709 magis
1250 661 1480 710 magisque

129 731 228 759 eum
263 720 305 758 in
333 719 427 759 dies
453 718 668 768 amplecti,
702 719 866 768 quippe
893 719 1052 768 quoius
1079 730 1222 768 neque
1249 718 1479 759 consilium
1500 728 1533 756 10

81 783 99 814 7
127 789 272 828 neque
294 779 514 827 inceptum
533 777 669 817 ullum
686 778 838 817 frustra
853 782 952 818 erat.
986 778 1070 817 huc
1085 778 1327 818 adcedebat
1342 779 1480 818 muni-

127 837 301 877 ficentia
324 838 457 877 animi
486 842 526 877 et
548 837 695 887 ingeni
717 836 920 884 sollertia,
948 838 1044 887 quis
1068 837 1195 877 rebus
1217 838 1297 877 sibi
1320 838 1480 878 multos

128 908 180 937 ex
207 896 415 937 Romanis
444 895 639 936 familiari
666 897 857 936 amicitia
884 897 1176 936 coniunxerat.

79 957 106 996 8
188 956 248 995 Ea
268 960 526 1005 tempestate
547 957 590 995 in
613 957 800 995 exercitu
815 960 963 996 nostro
980 955 1097 995 fuere
1115 955 1361 1005 complures
1376 956 1479 996 novi

127 1020 259 1065 atque
281 1015 464 1061 nobiles,
486 1015 645 1065 quibus
666 1015 845 1054 divitiae
860 1015 978 1055 bono
995 1014 1272 1064 honestoque
1288 1015 1479 1064 potiores
1501 1023 1534 1052 15

129 1080 260 1121 erant,
294 1075 462 1114 factiosi
492 1074 622 1120 dorni,
654 1078 854 1123 potentes
881 1073 998 1123 apud
1027 1075 1184 1120 socios,
1212 1074 1311 1113 clari
1339 1074 1479 1124 magis

129 1145 261 1184 quam
294 1133 480 1179 honesti,
515 1134 587 1183 qui
620 1133 851 1183 Iugurthae
878 1145 966 1173 non
994 1133 1258 1173 mediocrem
1286 1134 1478 1172 animum

129 1193 413 1242 pollicitando
435 1192 746 1238 accendebant,
773 1193 807 1231 si
830 1192 1013 1241 Micipsa
1034 1204 1105 1231 rex
1127 1192 1369 1238 occidisset,
1390 1192 1481 1232 fore

129 1253 190 1292 uti
217 1252 337 1292 solus
366 1253 517 1302 imperi
539 1251 773 1291 Numidiae
795 1252 1018 1300 potiretur:
1046 1253 1087 1290 in
1111 1252 1207 1300 ipso
1229 1262 1477 1290 maxumam

82 1314 102 1346 2
129 1312 342 1358 virtutem,
383 1311 549 1351 Romae
585 1312 733 1351 omnia
767 1310 941 1350 venalia
978 1322 1086 1350 esse.
1135 1310 1212 1350 sed
1246 1315 1535 1360 postquamzn

130 1370 367 1410 Numantia
394 1370 538 1410 deleta
563 1370 605 1410 Ρ.
628 1370 774 1419 Scipio
803 1370 1015 1409 dimittere
1043 1369 1203 1409 auxilia
1230 1374 1270 1409 et
1297 1370 1390 1419 ipse
1420 1381 1479 1409 re-

129 1431 240 1469 vorti
262 1430 442 1469 domum
465 1430 666 1475 decrevit,
688 1430 898 1470 donatum
921 1434 1051 1478 atque
1072 1428 1297 1468 laudatum
1315 1430 1480 1478 magni-

130 1489 211 1528 fice
239 1500 315 1538 pro
344 1489 548 1528 contione
569 1488 817 1538 Iugurtham
846 1490 887 1527 in
917 1488 1177 1537 praetorium
1204 1488 1384 1527 abduxit
1405 1488 1481 1527 ibi-

131 1559 217 1598 que
253 1552 418 1588 secreto
452 1548 632 1594 monuit,
666 1552 711 1587 ut
744 1548 888 1597 potius
923 1547 1095 1596 publice
1123 1558 1252 1597 quam
1282 1548 1478 1596 privatim

131 1608 365 1647 amicitiam
394 1607 545 1656 populi
567 1606 751 1646 Romani
779 1606 939 1646 coleret
965 1618 1052 1646 neu
1079 1606 1237 1656 quibus
1259 1606 1399 1656 largiri
1420 1607 1480 1645 in·
1500 1618 1535 1647 z

132 1671 368 1707 suesceret:
390 1665 636 1716 periculose
657 1677 683 1705 a
704 1667 855 1715 paucis
871 1666 956 1705 emi
972 1665 1090 1715 quod
1106 1665 1337 1705 multorum
1354 1669 1481 1705 esset.

132 1727 167 1765 si
196 1737 449 1775 permanere
474 1725 606 1765 vellet
632 1726 674 1764 in
702 1726 792 1764 suis
819 1725 993 1771 artibus,
1019 1724 1129 1764 ultro
1157 1723 1214 1763 illi
1237 1728 1277 1763 et
1297 1724 1478 1774 gloriam

132 1790 174 1825 et
194 1797 374 1835 regnum
397 1789 645 1830 venturum;
673 1785 738 1824 sin
761 1785 1063 1833 properantius
1085 1788 1291 1833 pergeret,
1311 1788 1481 1822 suamet

88 1844 117 1883 9
137 1845 280 1893 ipsum
315 1845 500 1893 pecunia
532 1844 812 1893 praecipitem
840 1854 1051 1883 casurum.
1099 1843 1159 1881 sic
1186 1842 1355 1882 locutus
1383 1853 1479 1881 cum

134 1903 282 1942 litteris
305 1915 417 1949 eum,
439 1914 548 1953 quas
564 1903 772 1952 Micipsae
788 1902 995 1948 redderet,
1017 1902 1189 1941 dimisit.
1223 1912 1369 1940 earum
1386 1912 1480 1940 sen·
1500 1913 1536 1942 30

132 1963 265 2002 tentia
292 1963 399 2002 haec
427 1967 531 2001 erat:

84 2025 105 2056 2
194 2017 438 2071 ‘Iugurthae
462 2022 521 2060 tui
544 2021 658 2061 bello
680 2021 947 2060 Numantino
970 2020 1101 2070 longe
1121 2030 1327 2058 maxuma
1347 2020 1481 2058 virtus

132 2080 221 2126 fuit,
254 2092 385 2129 quam
420 2092 507 2120 rem
544 2081 619 2119 tibi
653 2084 767 2119 certo
802 2081 892 2120 scio
923 2079 1086 2129 gaudio
1121 2090 1230 2118 esse.
1269 2079 1396 2118 nobis
1423 2077 1481 2118 ob

194 2185 234 2217 11
257 2183 341 2223 huc]
363 2186 434 2217 hoc
453 2186 592 2217 Fronto
645 2185 686 2217 12
702 2189 737 2216 et
751 2186 859 2217 codd.
872 2185 1012 2216 Fronto
1033 2194 1079 2215 m.
1092 2188 1113 2215 2
1126 2186 1236 2223 atque
1248 2183 1388 2215 Fronto
1402 2193 1448 2214 m.
1464 2187 1479 2214 1

192 2233 325 2272 quibus
345 2231 562 2264 BMTan
638 2232 682 2264 14
702 2241 746 2263 ea
760 2255 768 2263 .
785 2255 793 2264 .
809 2256 817 2263 .
832 2232 976 2264 nobiles
995 2232 1091 2263 Non.
1107 2241 1146 2271 ρ.
1159 2234 1230 2269 407,
1243 2234 1283 2262 31
1351 2230 1396 2262 23
1416 2230 1479 2261 ab·

133 2280 235 2312 duxit
254 2274 376 2311 ACF2‘
395 2279 544 2311 adduxit
565 2281 645 2312 rell.
705 2278 749 2311 28
761 2288 864 2311 suam
880 2283 914 2311 et
929 2279 985 2310 vel
999 2281 1140 2310 suamet
1155 2279 1264 2310 codd.
1325 2277 1369 2310 33
1383 2280 1481 2309 certo

133 2321 325 2359 va1m²
352 2329 446 2359 certe
473 2328 551 2359 rell.
