1593 2496
128 76 181 115 10
559 67 598 104 C.
619 67 863 104 SALLUSTI
891 67 1048 105 CRISPI

126 182 224 231 egit,
258 180 376 220 aliud
411 181 606 220 clausum
640 180 682 219 in
711 185 885 229 pectore
912 180 1030 220 aliud
1058 182 1101 220 in
1128 181 1278 231 lingua
1304 192 1476 232 promp-

127 246 218 280 tum
246 240 419 286 habere,
451 240 663 279 amicitias
690 240 1024 290 inimicitiasque
1051 251 1140 280 non
1168 252 1220 280 ex
1247 252 1290 280 re
1317 240 1396 280 sed
1423 251 1475 280 ex

128 299 363 340 commodo
384 303 640 345 aestumare,
661 300 890 348 magisque
910 299 1077 339 voltum
1099 311 1230 349 quam
1251 300 1474 350 ingenium

76 362 97 394 ὃ
125 359 290 400 bonum
312 359 484 398 habere.
517 358 626 397 haec
647 359 785 407 primo
808 358 1016 407 paulatim
1039 370 1241 405 crescere,
1262 359 1475 398 interdum

123 418 350 463 vindicam
387 422 485 467 post
522 417 595 456 ubi
629 418 831 466 contagio
866 419 990 467 quasi
1024 418 1269 466 pestilentia
1304 419 1476 462 invasit,
1514 424 1530 431 ”

125 478 275 517 civitas
297 478 518 522 inmutata,
543 477 770 525 imperium
794 488 844 515 ex
867 478 1120 516 iustissumo
1141 482 1272 526 atque
1294 483 1476 526 optumo

125 537 299 577 crudele
326 535 735 584 intolerandumque
763 535 934 575 iactum.

64 595 110 634 11
186 595 273 636 Sed
300 596 439 645 primo
468 596 607 644 magis
634 595 814 634 ambitio
843 606 974 644 quam
1002 596 1181 635 avaritia
1209 596 1380 635 animos
1402 595 1478 635 ho-

126 656 292 694 minum
321 654 559 700 exercebat,
587 654 706 703 quod
733 658 879 693 tamen
900 655 1053 693 vitium
1077 655 1255 704 propius
1276 655 1476 694 virtutem

76 728 98 761 2
126 720 225 755 erat.
259 725 359 753 nam
381 713 563 763 gloriam
585 713 795 752 honorem
819 714 1045 762 imperium
1068 714 1210 753 bonus
1233 718 1274 753 et
1289 715 1476 763 ignavos
1497 720 1532 748 10

126 785 269 824 aeque
296 774 377 812 sibi
407 777 632 821 exoptant;
661 773 737 811 sed
768 772 838 811 ille
858 784 961 812 vera
980 774 1053 812 via
1074 774 1231 818 nititur,
1253 773 1354 811 huic
1376 774 1477 822 quia

78 846 99 880 3
126 834 270 874 bonae
291 837 402 872 artes
425 831 593 877 desunt,
620 831 733 871 dolis
755 837 886 881 atque
906 831 1086 871 fallaciis
1108 831 1341 872 contendit.
1376 843 1477 871 ava-

127 894 221 932 ritia
248 893 460 941 pecuniae
487 890 678 930 studium
701 891 842 936 habet,
870 902 1001 940 quam
1025 903 1154 931 nemo
1177 892 1354 940 sapiens
1377 903 1477 931 con-

126 952 305 1001 cupivit:
335 963 386 990 ea
413 951 537 999 quasi
564 951 746 990 venenis
769 950 894 989 malis
915 951 1065 989 inbuta
1087 961 1243 999 corpus
1264 952 1478 989 animum-

127 1022 212 1061 que
244 1010 411 1049 virilem
440 1009 671 1055 effeminat,
705 1021 876 1059 semper
904 1010 1069 1049 infinita
1096 1006 1194 1058 (et)
1221 1009 1478 1049 insatiabilis
1501 1017 1536 1044 15

79 1078 99 1110 4
128 1075 204 1116 est,
231 1080 374 1119 neque
402 1070 530 1118 copia
555 1080 699 1118 neque
721 1069 870 1118 inopia
890 1069 1105 1108 minuitur.
1146 1068 1223 1108 sed
1245 1073 1477 1118 postquam

127 1130 170 1169 L.
198 1128 318 1169 Sulla
354 1129 483 1167 armis
519 1133 691 1177 recepta
726 1140 769 1167 re
806 1128 979 1177 publica
1013 1128 1140 1168 bonis
1174 1128 1305 1167 initiis
1341 1127 1481 1167 malos

129 1193 312 1228 eventus
335 1188 498 1233 habuit,
519 1198 668 1236 rapere
690 1198 843 1227 omnes
865 1184 891 1234 <
896 1184 1079 1236 omnes>
1099 1187 1277 1231 trahere.
1299 1187 1479 1226 domum

128 1248 239 1287 alius
272 1247 382 1287 alius
417 1258 545 1297 agros
579 1258 748 1295 cupere,
782 1258 925 1296 neque
952 1246 1132 1286 modum
1161 1257 1304 1296 neque
1331 1246 1497 1301 mode-x

129 1308 256 1347 stiam
291 1308 476 1346 victores
510 1306 681 1351 habere,
715 1306 845 1346 foeda
872 1306 1151 1355 crudeliaque
1178 1306 1220 1344 in
1249 1306 1355 1344 civis
1382 1305 1480 1345 faci·
1501 1312 1537 1341 20

82 1376 102 1407 5
130 1378 238 1407 nora
269 1366 420 1406 facere.
466 1366 550 1404 huc
582 1365 826 1404 adcedebat
860 1365 978 1414 quod
1013 1365 1054 1405 L.
1083 1364 1203 1404 Sulla
1236 1365 1483 1410 exercitum,

131 1437 262 1475 quern
286 1427 328 1464 in
350 1425 455 1464 Asia
477 1424 740 1470 ductaverat,
768 1436 855 1474 quo
879 1425 960 1464 sibi
982 1424 1117 1463 fidum
1139 1424 1307 1468 faceret.
1335 1429 1483 1463 contra

129 1496 295 1525 morem
317 1485 531 1524 maiorum
552 1483 771 1523 luxuriose
787 1485 1004 1533 nimisque
1019 1483 1247 1523 liberaliter
1262 1483 1482 1522 habuerat.

129 1544 225 1584 loca
257 1554 445 1583 amoena
477 1543 721 1592 voluptaria
754 1543 879 1582 facile
912 1544 952 1581 in
988 1544 1076 1583 otio
1110 1543 1263 1582 ferocis
1297 1541 1479 1581 militum

81 1615 102 1646 6
129 1604 300 1643 animos
329 1602 617 1642 molliverant:
654 1603 710 1641 ibi
740 1604 924 1651 primum
953 1603 1140 1642 insuevit
1168 1602 1378 1641 exercitus
1406 1612 1480 1649 po·
1500 1609 1536 1636 25

191 1756 207 1787 1
237 1756 335 1787 aliud
355 1755 518 1788 clausum
542 1780 549 1786 .
565 1780 572 1787 .
589 1780 596 1788 .
620 1755 755 1787 habere
776 1755 898 1787 *Seru
920 1756 1007 1787 Aen.
1022 1759 1048 1793 7,
1062 1758 1100 1786 51
1195 1754 1215 1785 2
1232 1754 1410 1785 amicitias
1425 1777 1433 1784 .
1450 1777 1457 1784 .
1474 1777 1481 1784 .

129 1806 335 1836 aestumare
367 1803 474 1834 Aras.
501 1812 658 1841 yramm.
693 1803 751 1834 Vll
774 1806 845 1840 450,
857 1807 898 1834 32
1010 1802 1030 1834 5
1064 1805 1194 1840 post..
1210 1801 1362 1833 ‚invasit
1387 1800 1482 1832 Non.

126 1861 165 1890 p.
186 1854 257 1889 199,
274 1855 287 1881 1
370 1853 453 1889 post
469 1874 476 1881 .
492 1874 499 1882 .
516 1874 523 1881 .
539 1851 715 1881 inmutata
749 1850 860 1882 Char.
890 1859 1046 1889 gyramm.
1067 1849 1083 1880 I
1105 1853 1151 1887 71,
1164 1853 1204 1880 12
1300 1847 1321 1879 8
1347 1847 1413 1879 sed
1425 1871 1434 1879 .
1450 1872 1458 1879 .
1473 1872 1481 1879 .

130 1896 202 1937 (12)
235 1898 426 1929 contendit
459 1896 550 1937 Any.
571 1899 638 1929 civ.
659 1901 689 1936 5,
706 1902 744 1929 12
848 1897 869 1928 9
901 1898 1000 1936 quod
1021 1921 1028 1929 .
1045 1922 1051 1928 .
1068 1921 1075 1928 .
1097 1900 1172 1928 erat
1197 1896 1304 1927 Aras.
1324 1904 1482 1934 yrctmm.

135 1945 193 1977 VII
215 1948 286 1983 510,
303 1948 340 1977 10
361 1945 476 1976 Prisc.
491 1954 646 1984 yramm.
662 1945 712 1976 ΙΙΙ
734 1949 806 1983 292,
821 1948 841 1976 8
895 1945 1015 1976 virtuti
1040 1937 1481 1975 N²KHM²TD²F²³snm

192 1992 231 2024 11
272 1992 338 2024 sed
355 2017 361 2023 .
378 2016 385 2023 .
402 2016 409 2023 .
424 1991 547 2023 nititur
580 1992 672 2032 Αιιῃ.
705 1993 771 2024 civ,
798 1997 828 2031 5,
845 1996 883 2024 19
1003 1991 1044 2023 12
1077 1991 1226 2022 avaritia
1242 2015 1249 2022 .
1267 2013 1273 2020 .
1289 2014 1296 2022 .
1312 1990 1483 2021 minuitur

131 2040 223 2072 Gell.
242 2043 273 2078 3,
289 2044 317 2077 1,
335 2043 348 2070 1
428 2038 468 2070 13
497 2049 605 2078 quam
621 2064 629 2071 .
645 2065 653 2072 .
667 2064 674 2071 .
689 2041 901 2079 concupivit
921 2039 1034 2077 *Αιιφ
1050 2039 1115 2070 civ.
1145 2042 1171 2077 7,
1188 2042 1227 2069 12
1303 2037 1344 2068 14
1366 2045 1410 2069 ea
1426 2060 1433 2068 .
1449 2060 1456 2068 .
1472 2060 1481 2068 .

128 2087 318 2120 effeminat
349 2086 444 2118 Non.
469 2096 506 2126 J).
532 2091 604 2125 521,
621 2091 661 2118 16
783 2087 824 2118 {15
857 2090 892 2118 et
926 2086 1016 2119 Gell.
1044 2095 1115 2118 om.
1136 2086 1256 2123 codd„
1281 2094 1313 2117 υ.
1333 2084 1400 2123 Ay.
1421 2086 1481 2115 180

132 2134 175 2166 17
207 2135 314 2166 bonis
336 2158 343 2165 .
366 2158 374 2165 .
398 2158 406 2165 .
427 2134 554 2167 habuit
580 2134 694 2174 Exnp.
721 2139 741 2165 5
866 2134 907 2166 18
940 2134 1073 2166 addidi
1104 2134 1198 2165 conl.
1220 2142 1248 2164 c.
1271 2136 1318 2169 17,
1341 2135 1370 2163 1.
1394 2133 1480 2168 31‚3

128 2182 222 2214 alibi
329 2189 453 2220 neque
494 2182 642 2213 modum
670 2190 704 2213 n.
732 2182 948 2214 modestiam
981 2181 1064 2212 ³728.
1090 2180 1181 2212 Sall.
1208 2181 1257 2211 in.
1297 2179 1390 2211 Tull.
1417 2182 1446 2216 1,
1463 2182 1478 2208 1

188 2228 233 2261 24
258 2229 423 2269 fortasse
449 2236 607 2260 amoena
632 2232 743 2267 atque
768 2229 852 2267 vol„
873 2239 905 2260 υ.
925 2229 979 2268 Ay
1001 2231 1060 2260 179
1186 2226 1230 2258 25
1258 2226 1431 2265 primum.
1447 2249 1455 2256 .
1471 2249 1480 2257 .

129 2274 183 2316 (3)
222 2276 386 2315 polluere
423 2276 515 2315 Auy.
545 2277 653 2315 epist.
686 2279 758 2315 138,
778 2280 818 2307 16
942 2276 1100 2307 insuevit
1122 2300 1129 2307 .
1148 2299 1156 2306 .
1178 2299 1185 2306 .
1208 2276 1334 2313 potare
1373 2272 1478 2304 Aras.

127 2333 285 2365 yramm.
310 2322 367 2354 Vll
390 2326 461 2361 486,
478 2327 517 2354 17
566 2324 763 2355 insueverit
788 2323 881 2362 Any.
931 2331 1017 2361 pop.
1039 2321 1142 2354 Rom.
1162 2331 1232 2353 om.
1253 2321 1360 2352 Aru-s.
