1593 2496
479 65 544 101 EX
572 64 825 102 HISTORIIS
852 65 933 102 ΟΒ.
960 64 1120 102 MACRI
1395 71 1472 109 157

123 184 199 218 est.
234 179 353 228 quod
381 190 464 228 ego
491 189 665 227 nequeo
687 179 790 217 satis
812 179 965 224 mirari,
993 176 1199 223 Quirites;
1226 188 1327 216 nam
1352 188 1474 226 spem

124 238 276 278 trustra
302 238 436 277 fuisse
464 236 744 277 intellexistis.
784 236 905 276 Sulla
932 241 1114 282 mortuo,
1142 238 1215 285 qui
1243 236 1474 275 scelestum
1502 242 1523 273 9

122 299 374 347 inposuerat
407 297 639 342 servitium,
676 296 807 336 finem
836 296 938 335 mali
966 296 1224 335 credebatis:
1261 300 1379 334 ortus
1413 300 1476 334 est

123 357 255 406 longe
276 357 447 396 saevior
468 355 657 396 Catulus.
683 355 893 395 tumultus
915 355 1154 395 intercessit
1173 354 1303 394 Bruto
1326 359 1368 394 et
1388 354 1476 393 Ma-
1494 360 1536 391 10

78 425 96 451 5
122 427 266 456 merco
283 415 547 456 consulibus.
566 415 667 455 dein
680 413 723 455 C.
737 414 864 455 Curio
879 414 935 454 ad
951 415 1128 454 exitium
1138 425 1279 463 usque
1293 414 1476 453 insontis

123 475 280 514 tribuni
308 475 558 515 dominatus
586 480 661 514 est.
689 474 893 514 Lucullus
921 475 1142 523 superiore
1162 484 1279 512 anno
1304 474 1476 522 quantis
1494 478 1532 509 11

121 535 279 573 animis
307 535 399 574 ierit
426 535 467 573 in
502 534 544 574 L.
574 533 811 579 Quintium,
843 533 1024 573 vidistis.
1064 537 1253 582 quantae
1286 532 1477 582 denique

120 605 237 633 nunc
264 594 368 633 mihi
396 594 546 633 turbae
566 594 852 633 concitantur!
881 603 995 642 quae
1023 592 1215 642 proiecto
1238 593 1280 631 in
1303 603 1475 631 cassum

120 653 373 703 agebantur,
401 654 436 692 si
470 654 586 702 prius
620 664 751 702 quam
779 664 859 692 vos
888 651 1109 692 serviundi
1136 652 1280 697 finem,
1314 651 1373 690 illi
1401 651 1477 691 do-

69 721 102 747 10
123 713 374 752 minationis
401 713 549 752 facturi
577 717 713 752 erant:
742 712 992 761 praesertim
1020 722 1155 760 quom
1183 711 1249 750 his
1277 711 1476 750 civilibus

120 772 251 811 armis
279 772 392 811 dicta
412 772 508 818 alia,
535 771 612 811 sed
635 776 841 811 certaturn
864 772 1079 820 utrimque
1100 771 1155 810 de
1176 770 1477 810 dominatione

121 832 163 869 in
190 831 318 871 vobis
345 832 409 871 sit.
437 832 583 880 itaque
610 835 752 870 cetera
778 842 831 870 ex
859 830 1030 870 licentia
1057 835 1131 869 aut
1157 830 1260 869 odio
1282 834 1356 869 aut
1376 840 1476 868 ava-
1493 834 1535 866 12

121 891 214 929 ritia
246 891 288 929 in
323 895 495 940 tempus
528 902 686 936 arsere;
714 890 950 939 permansit
977 901 1064 928 una
1090 901 1157 928 res
1183 889 1331 935 modo,
1364 900 1477 938 quae

122 950 338 998 utrimque
364 951 561 999 quaesita
589 955 664 995 est,
692 954 733 989 et
759 954 905 998 erepta
932 950 974 988 in
997 954 1236 998 posterum:
1262 950 1329 988 vis
1349 949 1477 988 tribu-

68 1018 100 1043 15
121 1009 245 1055 nicia,
267 1009 399 1048 telum
421 1020 447 1048 a
467 1009 704 1048 maioribus
726 1009 909 1048 libertati
930 1012 1138 1057 paratum.
1162 1008 1281 1057 quod
1298 1019 1382 1058 ego
1396 1019 1476 1047 vos
1495 1012 1536 1044 13

120 1079 282 1107 moneo
310 1079 566 1117 quaesoque
587 1073 632 1107 ut
652 1068 1010 1108 animadvortatis
1030 1079 1115 1107 neu
1137 1068 1317 1107 nomina
1337 1079 1477 1107 rerum

119 1127 175 1166 ad
197 1128 418 1176 ignaviam
440 1132 657 1167 mutantes
679 1129 814 1167 otium
837 1138 914 1176 pro
932 1128 1106 1167 servitio
1126 1127 1368 1176 appelletis.
1389 1137 1477 1176 quo

120 1187 206 1225 iam
240 1187 337 1236 ipso
371 1187 462 1232 frui,
489 1188 524 1226 si
550 1198 653 1226 vera
680 1191 721 1226 et
748 1187 933 1226 honesta
960 1187 1171 1236 flagitium
1199 1186 1478 1235 superaverit,

120 1256 209 1284 non
231 1250 296 1285 est
316 1246 535 1285 condicio:
556 1246 719 1292 fuisset,
740 1247 775 1285 si
791 1247 971 1286 omnino
994 1246 1237 1295 quiessetis.
1258 1257 1375 1285 nunc
1389 1246 1477 1284 ani-

66 1313 102 1340 20
122 1316 241 1343 mum
269 1304 496 1345 advortere
518 1310 570 1351 et,
596 1306 678 1344 nisi
699 1306 898 1351 viceritis,
925 1306 1134 1354 quoniam
1157 1306 1299 1345 omnis
1324 1305 1478 1344 iniuria

121 1364 332 1413 gravitate
357 1365 486 1404 tutior
512 1370 588 1411 est,
614 1365 745 1404 artius
773 1365 1008 1404 habebunt.

182 1419 331 1466 “Quid
353 1434 506 1463 censes
526 1420 714 1474 igitur?''
736 1423 894 1473 aliquis
914 1428 1109 1464 vostrum
1131 1424 1372 1463 subiecerit.
1398 1424 1477 1472 pri·
1496 1427 1537 1458 14

121 1494 241 1520 mum
264 1483 461 1521 omnium
484 1483 776 1523 omittundum
798 1494 964 1523 morem
986 1483 1103 1523 hunc
1123 1495 1254 1532 quem
1276 1484 1403 1533 agitis
1418 1484 1478 1521 in-

122 1542 272 1590 pigrae
293 1541 481 1591 linguae,
507 1543 639 1581 animi
668 1543 828 1592 ignavi,
854 1554 943 1582 non
965 1543 1074 1582 ultra
1095 1543 1311 1582 contionis
1333 1542 1476 1582 locum

66 1609 102 1635 25
121 1611 338 1640 memores
366 1601 583 1641 libertatis.
610 1601 770 1642 deinde
798 1622 853 1627 —-
880 1613 936 1641 ne
961 1613 1042 1641 vos
1069 1602 1125 1641 ad
1151 1602 1289 1640 virilia
1310 1601 1382 1640 illa
1402 1613 1476 1641 vo·
1495 1605 1537 1636 ¹5

121 1670 229 1705 cem,
256 1671 344 1709 quo
366 1661 562 1700 tribunos
583 1661 727 1710 plebei
750 1661 897 1707 modo,
918 1662 1143 1710 patricium
1166 1662 1477 1711 magistratum,

121 1718 255 1758 libera
276 1719 331 1758 ab
353 1721 600 1759 auctoribus
622 1721 810 1769 patriciis
831 1720 1037 1770 suffragia
1053 1721 1240 1759 maiores
1253 1720 1386 1760 vostri
1403 1731 1478 1769 pa-

121 1789 270 1818 ravere
291 1799 345 1803 -
372 1790 506 1828 quom
531 1780 598 1818 vis
621 1781 776 1825 omnis,
798 1779 999 1825 Quirites,
1021 1780 1063 1818 in
1090 1780 1217 1819 vobis
1239 1780 1292 1818 sit
1308 1783 1349 1819 et
1363 1790 1477 1828 quae

122 1838 240 1876 iussa
266 1849 382 1877 nunc
409 1850 485 1887 pro
512 1839 607 1877 aliis
636 1839 838 1885 toleratis,
873 1850 950 1887 pro
977 1839 1105 1878 vobis
1132 1850 1261 1888 agere
1288 1843 1363 1878 aut
1388 1850 1476 1878 non

66 1904 103 1931 ³0
121 1907 252 1946 agere
280 1902 392 1937 certe
419 1899 608 1946 possitis,
635 1898 782 1937 Iovem
810 1904 884 1937 aut
911 1898 1043 1937 alium
1072 1909 1202 1947 quern
1225 1898 1355 1938 deum
1378 1909 1477 1938 con-

122 1955 329 1995 sultorem
365 1958 631 2006 expectatis?
667 1968 828 2007 magna
864 1957 936 1996 illa
963 1957 1192 1996 consulum
1220 1958 1402 2006 imperia
1435 1962 1535 1996 et16

123 2019 290 2063 patrum
313 2015 483 2055 decreta
503 2028 584 2056 vos
607 2016 867 2065 exequendo
889 2021 978 2055 rata
994 2016 1174 2062 efficitis,
1196 2015 1395 2062 Quirites,
1416 2016 1478 2055 ul-

122 2078 276 2123 troque
308 2074 525 2114 licentiam
558 2076 600 2114 in
628 2087 709 2115 vos
736 2080 910 2115 auctum
938 2080 1069 2124 atque
1100 2075 1296 2115 adiutum
1324 2087 1477 2125 prope-

188 2225 230 2257 12
263 2226 387 2265 itaque
481 2235 602 2259 arsere
636 2227 744 2259 Aras.
771 2236 928 2267 gramm.
945 2227 1003 2259 Vll
1032 2230 1104 2266 486,
1117 2231 1159 2259 30
1259 2228 1301 2260 14
1333 2237 1476 2260 comma

123 2274 212 2304 ante
249 2273 304 2305 vis
342 2275 498 2306 sustulit
533 2274 689 2314 Madviy
786 2274 830 2307 23
870 2275 1113 2306 omittundum
1136 2299 1143 2307 .
1165 2300 1173 2306 .
1195 2299 1203 2307 .
1225 2276 1333 2314 agitis
1369 2275 1476 2308 Aras.

123 2329 281 2359 ,qt-amm.
301 2320 359 2351 Vll
381 2324 453 2359 453,
469 2324 508 2352 10
557 2321 797 2353 amittendum
824 2322 931 2354 Aras.
