1593 2496
58 175 78 206 2

61 354 81 384 3

59 532 80 562 4

20 1360 97 1399 101

67 1482 85 1511 2

108 65 189 104 134
532 57 571 94 C.
594 57 837 94 SALLUSTI
865 56 1023 94 CRISPI

106 170 226 210 Sulla
253 182 351 209 cum
379 170 572 220 equitatu
599 170 715 219 apud
744 169 987 216 dextumos,
1014 170 1056 209 in
1079 171 1249 209 sinistra
1270 174 1388 219 parte
1408 169 1459 209 A.

107 230 296 269 Manlius
317 241 415 269 curn
438 229 726 269 funditoribus
748 234 788 268 et
809 229 1050 278 sagittariis,
1071 234 1292 278 praeterea
1309 229 1459 269 cohor-

106 290 159 329 tis
181 289 384 339 Ligurum
413 289 599 328 curabat.
633 289 794 337 primos
823 293 863 328 et
890 293 1104 328 extremos
1126 300 1223 328 cum
1246 288 1459 337 expeditis

108 348 343 398 manipulis
369 349 565 387 tribunos
592 348 820 388 locaverat.
854 347 1072 397 perfugae,
1099 349 1292 387 minume
1313 347 1397 386 cari
1419 351 1460 387 et

106 409 333 458 regionum
362 408 664 453 scientissumi,
692 407 881 447 hostium
907 408 984 446 iter
1005 406 1297 456 explorabant.
1331 405 1458 445 simul

107 467 258 508 consul
277 467 401 516 quasi
417 466 537 506 nullo
554 467 743 515 inposito
760 467 907 505 omnia
922 466 1161 515 providere,
1182 466 1299 515 apud
1315 466 1458 505 omnis

107 527 275 572 adesse,
302 526 480 565 laudare
508 530 547 565 et
575 526 795 574 increpare
823 526 1037 564 merentis.
1071 526 1164 576 ipse
1188 529 1376 564 armatus
1398 525 1458 563 in-

106 590 351 635 tentusque,
378 586 479 625 item
508 585 663 624 milites
692 585 888 634 cogebat.
920 596 1064 634 neque
1085 595 1210 624 secus
1231 588 1362 633 atque
1383 584 1460 623 iter

107 646 258 690 iacere,
292 649 431 684 castra
463 645 641 690 munire,
676 644 925 684 excubitum
959 645 1001 682 in
1035 648 1158 693 porta
1191 643 1378 683 cohortis
1407 653 1458 682 ex

107 704 366 755 legionibus,
394 715 470 753 pro
499 704 645 743 castris
673 704 840 753 equites
867 702 1115 742 auxiliarios
1136 703 1313 748 mittere,
1341 712 1460 751 prae-

108 770 224 804 terea
250 764 360 803 alios
387 775 517 812 super
541 763 704 802 vallum
733 764 775 801 in
803 763 1083 801 munimentis
1109 762 1263 807 locare,
1288 761 1461 810 vigilias

109 825 203 873 ipse
231 824 464 869 circumire,
491 834 579 862 non
607 827 693 861 tarn
722 822 963 862 diffidentia
982 821 1170 860 futurum
1193 831 1306 870 quae
1327 821 1460 869 impe-

110 884 301 928 ravisset,
332 893 463 932 quarn
485 882 545 921 uti
566 881 773 921 militibus
795 885 1062 930 exaequatus
1084 892 1181 920 cum
1203 881 1460 929 imperatore

110 943 231 982 labor
255 941 506 981 volentibus
537 946 660 981 esset.
701 945 741 980 et
768 951 873 980 sane
901 940 1061 979 Marius
1088 939 1250 989 illoque
1278 938 1462 988 aliisque

109 1002 379 1050 temporibus
405 1000 640 1050 Iugurthini
675 999 775 1039 belli
809 999 976 1049 pudore
1008 1000 1146 1048 magis
1181 1009 1311 1047 quam
1345 996 1460 1038 malo

111 1062 344 1101 exercitum
378 1060 616 1100 coercebat.
655 1059 774 1108 quod
802 1059 922 1098 multi
960 1070 1036 1107 per
1061 1059 1344 1097 ambitionem
1371 1057 1460 1096 fieri

109 1121 301 1160 aiebant:
337 1116 489 1169 [quod]
524 1131 549 1158 a
582 1119 763 1168 pueritia
790 1123 1044 1158 cousuetam
1072 1117 1269 1156 duritiam
1299 1120 1340 1155 et
1366 1115 1463 1160 alia,

111 1191 224 1230 quae
251 1180 379 1219 ceteri
401 1180 595 1218 miserias
615 1182 785 1223 vocant,
812 1177 1025 1226 voluptati
1047 1177 1270 1220 habuisse;
1300 1175 1382 1214 nisi
1403 1179 1462 1213 ta-

111 1251 211 1279 men
239 1250 305 1279 res
332 1238 506 1288 publica
527 1238 682 1287 pariter
702 1248 752 1276 ac
772 1238 1045 1276 saevissumo
1068 1236 1249 1284 imperio
1270 1235 1383 1273 bene
1404 1238 1462 1272 at-

112 1310 197 1348 que
224 1298 381 1338 decore
407 1302 543 1347 gesta.

170 1358 301 1407 Igitur
323 1362 475 1407 quarto
497 1356 687 1405 denique
708 1356 778 1395 die
800 1355 916 1394 haud
937 1353 1068 1403 longe
1089 1353 1143 1392 ab
1166 1353 1330 1405 oppido
1353 1351 1464 1391 Cirta

116 1417 311 1466 undique
337 1416 464 1455 simul
493 1416 787 1465 speculatores
814 1415 883 1454 citi
911 1424 1008 1453 sese
1035 1412 1281 1457 ostendunt,
1308 1422 1395 1460 qua
1421 1421 1465 1450 re

113 1477 250 1516 hostis
286 1476 443 1515 adesse
478 1475 748 1524 intellegitur.
790 1473 866 1513 sed
905 1474 1007 1522 quia
1040 1472 1201 1511 divorsi
1234 1471 1464 1510 redeuntes

114 1536 224 1575 alius
245 1536 299 1575 ab
321 1535 406 1574 alia
427 1539 546 1584 parte
567 1539 698 1583 atque
719 1544 872 1573 omnes
895 1532 1010 1571 idem
1029 1531 1343 1581 significabant,
1365 1540 1465 1569 con-

115 1595 181 1634 sul
209 1596 406 1640 incertus,
440 1604 631 1643 quonam
660 1592 793 1632 modo
821 1592 958 1630 aciem
986 1592 1222 1634 instrueret,
1254 1588 1373 1628 nullo
1401 1600 1464 1628 or-

115 1655 216 1694 dine
243 1658 494 1693 conmutato
522 1652 756 1692 advorsum
784 1652 932 1691 omnia
953 1654 1127 1699 paratus
1149 1649 1309 1688 ibidem
1332 1659 1465 1696 oppe-

116 1715 226 1753 ritur.
254 1714 311 1752 ita
330 1712 577 1762 Iugurtham
600 1722 701 1760 spes
722 1711 930 1756 frustrata,
952 1710 1024 1759 qui
1041 1710 1189 1758 copias
1205 1709 1247 1746 in
1264 1711 1467 1756 quattuor

117 1774 246 1822 partis
279 1772 561 1817 distribuerat,
594 1776 708 1810 ratus
742 1781 793 1809 ex
821 1769 1024 1809 omnibus
1046 1779 1185 1817 aeque
1212 1766 1382 1815 aliquos
1410 1765 1466 1804 ab

116 1837 236 1881 tergo
270 1832 468 1871 hostibus
499 1835 718 1870 venturos.
750 1829 918 1868 interim
952 1827 1082 1873 Sulla,
1115 1837 1244 1876 quem
1279 1826 1464 1874 primurn

118 1891 1461 1905 *ᾖξ’-

181 1937 195 1968 1
227 1937 326 1968 Sulla
348 1961 378 1968 ..
394 1960 402 1968 .
423 1936 666 1967 funditoribus
692 1935 807 1966 Prisc.
828 1942 985 1973 gramm.
1004 1932 1037 1963 ll
1053 1935 1105 1970 95,
1119 1935 1149 1962 5.
1175 1934 1226 1969 98,
1243 1934 1281 1961 13
1340 1929 1466 1961 dextu-

119 1993 198 2016 mos
218 1978 530 2015 P2ACBK²Tsn
552 1983 666 2014 Prisc.
687 1983 843 2014 extimos
864 1990 896 2011 m
917 1983 1098 2012 extremos
1119 1979 1195 2010 rell.
1265 1977 1285 2008 2
1306 1976 1349 2008 A.
1364 1975 1467 2007 Man-

118 2029 201 2070 lius]
228 2031 372 2062 Mallius
398 2031 514 2062 Prisc.
617 2029 638 2061 9
664 2029 799 2061 faceret
823 2023 920 2060 K2P
940 2027 1101 2070 facerent
1125 2025 1156 2057 D
1256 2024 1299 2056 10
1325 2024 1469 2063 equites

119 2083 155 2112 et
181 2077 243 2117 (ex
268 2076 317 2116 A)
344 2078 407 2109 Xn
497 2077 537 2109 12
565 2082 636 2108 tam
664 2086 722 2108 om
749 2076 876 2108 PANl
903 2084 933 2107 s.
953 2084 982 2106 s.
1002 2069 1052 2104 Κ2
1130 2073 1284 2104 futurum
1312 2073 1386 2103 duo
1413 2071 1468 2102 in-

121 2127 217 2166 teyri
243 2127 465 2158 recentiores
492 2125 597 2156 futuri
625 2125 731 2156 codd.
809 2123 850 2154 17
871 2123 941 2154 del.
967 2121 1129 2153 Eussner
1177 2122 1390 2151 consuetam
1411 2140 1443 2149 ..
1459 2140 1469 2149 .

120 2176 225 2213 gesta
251 2173 390 2204 Fronto
414 2182 451 2213 ρ.
474 2175 534 2204 110
552 2172 595 2204 Ν.
616 2170 774 2210 (Hauler
791 2180 828 2210 p.
850 2168 924 2209 163)
1019 2167 1061 2199 18
1087 2167 1262 2198 habuisse
1287 2159 1470 2197 PA¹NK¹

121 2221 310 2252 habuisset
348 2221 426 2252 rell.
540 2219 581 2250 19
619 2227 675 2251 res
715 2218 861 2257 publica
893 2214 948 2254 (R.
974 2214 1012 2247 P.
1039 2216 1095 2247 vel
1121 2223 1145 2245 r.
1167 2212 1218 2253 p.)
1251 2212 1469 2245 CNKMsm

121 2268 260 2300 Fronto
286 2263 376 2306 reip.
403 2261 679 2298 PA²BHTDF
703 2274 814 2304 remp.
836 2259 885 2295 A¹
954 2262 997 2294 27
1020 2263 1105 2295 item
1127 2254 1469 2293 A¹CBNK²MTD

123 2316 229 2355 igitur
255 2315 287 2346 H

1490 416 1513 443 5,

1481 710 1515 738 10

1484 1007 1518 1033 15

1483 1301 1520 1329 20

1484 1597 1521 1624 25
