1593 2496
70 420 91 450 0!

121 69 202 107 132
535 60 573 97 C.
596 60 838 96 SALLUSTI
867 59 1029 97 CRISPI

119 181 159 214 et
193 175 309 224 prius
345 185 474 223 quam
511 174 720 212 exercitus
748 177 820 211 aut
848 173 996 211 instrui
1023 178 1097 211 aut
1123 172 1312 211 sarcinas
1339 171 1470 211 conli-

118 245 231 283 gere,
265 234 456 283 denique
489 238 588 271 ante
620 243 750 281 quam
779 232 951 281 signum
979 235 1053 270 aut
1079 231 1307 280 imperium
1335 230 1469 269 ullum

118 294 313 342 accipere
347 293 494 342 quivit,
528 292 695 341 equites
723 290 859 330 Mauri
889 295 1020 340 atque
1048 289 1231 336 Gaetuli,
1263 300 1350 330 non
1378 290 1471 329 acie

118 364 261 402 neque
283 352 371 391 ullo
394 362 514 391 more
536 350 671 400 proeli
693 350 770 389 sed
793 351 1053 395 catervatim,
1080 351 1141 388 uti
1163 360 1363 399 quosque
1385 348 1470 388 fors

119 411 469 461 conglobaverat,
503 411 545 448 in
579 413 750 449 nostros
778 410 1006 449 incurrunt.
1034 409 1108 458 qui
1135 419 1289 448 omnes
1315 407 1470 456 trepidi
1501 417 1521 445 5

119 471 340 520 inproviso
369 474 485 509 metu
510 480 561 508 ac
581 474 724 508 tamen
746 469 911 507 virtutis
933 479 1148 507 memores
1171 472 1244 507 aut
1264 478 1382 506 arma
1404 477 1472 505 ca-

119 530 295 579 piebant
335 534 408 568 aut
446 529 656 578 capientis
696 527 805 566 alios
844 527 898 566 ab
933 527 1131 567 hostibus
1168 526 1472 570 defensabant;

120 600 217 638 pars
252 599 390 637 equos
418 588 665 633 escendere,
700 587 875 626 obviam
904 587 962 626 ire
990 586 1205 632 hostibus;
1239 596 1387 635 pugna
1415 584 1472 623 la-

118 649 299 687 trocinio
333 648 472 696 magis
506 658 637 696 quam
672 645 836 695 proelio
871 645 1022 684 similis
1064 645 1165 685 fieri.
1205 646 1298 684 sine
1325 645 1473 694 signis,

119 708 212 746 sine
246 707 469 746 ordinibus
500 707 667 755 equites
699 705 955 754 peditesque
983 705 1180 753 permixti
1208 704 1361 744 cedere
1389 703 1472 749 alii,
1494 712 1529 740 ιο

119 767 190 805 alii
227 766 483 812 obtruncari,
533 765 654 804 multi
698 769 844 803 contra
887 764 1098 803 advorsos
1140 774 1360 803 acerrume
1398 774 1472 811 pu-

118 831 302 875 gnantes
324 826 378 864 ab
400 830 520 874 tergo
543 824 856 868 circumveniri;
878 834 1022 872 neque
1041 824 1175 862 virtus
1196 833 1339 872 neque
1355 832 1472 860 arma

120 887 223 924 satis
252 889 409 934 tegere,
437 885 539 934 quia
566 884 714 923 hostes
741 893 922 922 numero
951 882 1094 931 plures
1123 885 1163 921 et
1184 882 1378 930 undique
1399 881 1473 919 cir-

119 944 302 983 cumfusi
331 949 460 983 erant.
495 944 685 992 denique
706 941 888 982 Romani
911 946 1080 981 veteres
1108 937 1331 990 [novique]
1355 945 1395 979 et
1416 940 1473 979 ob

119 1015 171 1043 ea
204 1004 390 1042 scientes
424 1003 537 1048 belli,
571 1003 604 1041 si
640 1013 750 1051 quos
778 1001 898 1040 locus
927 1006 1000 1039 aut
1027 1012 1153 1039 casus
1181 1000 1474 1045 coniunxerat,
1497 1008 1530 1035 15

119 1063 234 1102 orbis
269 1062 409 1101 iacere
443 1067 573 1111 atque
601 1063 657 1100 ita
685 1061 738 1100 ab
767 1060 970 1100 omnibus
999 1059 1190 1108 partibus
1219 1059 1346 1098 simul
1376 1058 1472 1097 tecti

57 1129 113 1167 98
125 1127 165 1161 et
192 1123 382 1161 instructi
411 1122 601 1161 hostium
622 1121 709 1159 vim
738 1119 1049 1159 sustentabant,
1083 1129 1226 1168 neque
1247 1119 1289 1156 in
1312 1129 1364 1157 eo
1387 1122 1472 1156 tam

71 1540 90 1571 ts)

124 1193 279 1230 aspero
313 1182 491 1230 negotio
520 1180 679 1219 Marius
712 1179 879 1218 territus
913 1182 985 1216 aut
1018 1179 1158 1227 magis
1188 1188 1318 1226 quam
1346 1181 1473 1215 antea

121 1241 313 1280 demisso
341 1241 488 1279 animo
517 1240 604 1285 fuit,
639 1238 714 1278 sed
744 1249 841 1277 cum
870 1243 1008 1276 turma
1034 1248 1124 1283 sua,
1156 1247 1288 1285 quam
1316 1247 1367 1275 ex
1395 1235 1473 1274 for-

120 1301 311 1338 tissumis
346 1300 485 1348 magis
513 1310 644 1348 quam
672 1297 1032 1336 familiarissumis
1060 1300 1296 1345 paraverat,
1327 1295 1473 1343 vagari
1494 1303 1531 1331 20

121 1360 284 1407 passim
306 1370 357 1397 ac
379 1359 512 1398 modo
535 1357 831 1397 laborantibus
853 1357 942 1395 suis
964 1366 1221 1400 succurrere,
1244 1354 1377 1394 modo
1401 1354 1474 1393 ho-

120 1420 207 1464 stis,
236 1418 307 1457 ubi
338 1418 653 1457 confertissumi
681 1417 944 1460 obstiterant,
972 1414 1194 1459 invadere;
1222 1425 1352 1452 manu
1377 1423 1475 1452 con-

120 1477 262 1516 sulere
283 1477 502 1522 militibus,
524 1477 732 1525 quoniam
756 1476 966 1523 imperare
988 1473 1252 1513 conturbatis
1271 1473 1475 1512 omnibus

118 1548 207 1576 non
230 1541 408 1585 poterat.
436 1537 611 1584 iamque
633 1535 724 1574 dies
747 1538 1032 1582 consumptus
1054 1537 1153 1578 erat,
1175 1543 1307 1581 quom
1329 1536 1472 1571 tamen

118 1596 286 1635 barbari
308 1595 414 1633 nihil
430 1596 642 1634 remittere
657 1599 800 1642 atque,
822 1595 880 1631 uti
897 1603 1019 1641 reges
1036 1595 1354 1640 praeceperant,
1375 1601 1474 1629 noc·
1495 1598 1530 1626 ..⁷0

119 1660 205 1694 tem
228 1666 304 1703 pro
327 1665 374 1694 se
395 1655 471 1693 rati
493 1654 631 1692 acrius
648 1654 815 1691 instare.
844 1658 932 1691 tum
949 1651 1109 1690 Marius
1126 1662 1176 1690 ex
1193 1651 1320 1699 copia
1334 1661 1472 1688 rerum

117 1714 348 1753 consilium
370 1714 495 1752 trahit
517 1719 658 1762 atque,
686 1713 744 1751 uti
767 1712 855 1750 suis
878 1711 1067 1759 receptui
1091 1710 1213 1749 loeus
1235 1713 1359 1753 esset,
1389 1707 1473 1748 col-

116 1773 168 1812 lis
201 1773 313 1812 duos
347 1774 618 1822 propinquos
652 1772 758 1810 inter
791 1782 836 1809 se
872 1774 1068 1818 occupat,
1102 1780 1285 1818 quorum
1314 1769 1355 1806 in
1385 1778 1472 1806 uno

116 1833 264 1871 castris
292 1843 443 1881 parum
466 1831 613 1880 amplo
635 1831 732 1870 fons
753 1840 894 1879 aquae
917 1839 1102 1878 magnus
1126 1832 1224 1873 erat,
1251 1827 1355 1866 alter
1377 1827 1473 1865 usui

118 1896 404 1940 opportunus,
432 1892 534 1940 quia
555 1901 715 1939 magna
737 1894 855 1938 parte
877 1888 1018 1927 editus
1042 1892 1082 1926 et
1103 1897 1313 1935 praeceps
1335 1896 1475 1935 pauca
1494 1891 1531 1920 30

175 1983 196 2015 8
231 1993 313 2022 pars
334 2009 341 2015 .
358 2008 366 2016 .
381 2008 389 2016 .
412 1980 584 2016 hostibus
616 1984 723 2014 Artis.
743 1992 902 2021 mamm.
922 1981 980 2013 Vll
997 1984 1068 2018 472,
1084 1984 1124 2011 12
1197 1979 1397 2011 escendere
1424 1974 1474 2009 Νλ

114 2032 222 2063 Aras.
239 2033 438 2063 ascendere
454 2032 532 2063 rell.
542 2032 648 2063 codd.
659 2029 850 2067 (scandere
864 2024 930 2067 A¹)
984 2027 1026 2058 10
1036 2024 1268 2066 peditesque]
1279 2035 1350 2065 que
1360 2036 1431 2057 om.
1442 2025 1474 2057 A

176 2079 236 2109 alii
263 2078 323 2109 alii
351 2080 462 2118 vnlyo
489 2078 580 2110 alios
602 2078 694 2109 alios
716 2078 822 2108 codd.
901 2075 940 2107 11
965 2074 1171 2106 obtruncari
1192 2074 1303 2113 vz1l90
1325 2075 1474 2105 obtrun-

115 2134 198 2157 care
226 2127 334 2157 codd.
411 2125 510 2157 multi
539 2127 650 2164 oulyo
678 2124 790 2155 multa
816 2119 910 2154 A¹N
938 2122 1070 2154 multos
1098 2122 1176 2153 rell.
1254 2121 1295 2152 12
1322 2121 1474 2152 circum-

113 2173 227 2205 veniri
254 2168 384 2204 PA¹N
411 2173 671 2204 circumvenire
693 2172 782 2207 rell„
810 2180 879 2202 cm.-
905 2169 1059 2201 caedere
1081 2169 1184 2206 alios,
1211 2169 1304 2199 alios
1325 2168 1472 2199 obtrun-

113 2229 209 2260 care,
249 2220 381 2251 multos
410 2244 418 2252 .
442 2245 449 2251 .
472 2243 480 2251 .
501 2218 790 2251 circumvenire?
892 2217 932 2249 13
974 2214 1072 2254 quia]
1114 2216 1213 2254 quod
1252 2214 1325 2246 ΑΗ
1338 2211 1474 2245 Psnm

176 2267 218 2298 14
245 2268 315 2299 del.
336 2267 453 2304 KrItz,
481 2268 524 2306 cf.
547 2277 575 2298 c.
590 2269 674 2304 87,3
750 2265 792 2296 16
813 2262 932 2296 facere
954 2258 1224 2295 A²CBHPsn
1251 2262 1371 2293 fecere
1393 2261 1472 2292 rell.

173 2313 217 2345 29
244 2315 338 2345 visui
365 2309 533 2345 P²A¹M1
618 2313 663 2345 30
690 2313 810 2345 editus
837 2306 1114 2342 B²K²H²Psm
1141 2310 1238 2342 edita
1266 2309 1343 2340 rell.
