1593 2496
103 35 159 74 26
537 28 577 66 C.
598 29 842 67 SALLUSTI
870 30 1027 68 CRISPI

58 145 77 176 3
106 152 238 191 saepe
278 143 374 191 ipsa
407 141 542 191 plebs,
579 148 651 182 aut
685 143 941 183 dominandi
975 144 1118 184 studio
1153 151 1348 194 permota
1383 150 1455 184 aut

59 204 79 236 4
107 201 311 250 superbia
343 202 686 251 magistratuum,
719 208 884 242 armata
915 214 941 242 a
970 204 1163 252 patribus
1190 205 1380 243 secessit.
1414 209 1456 243 at

103 270 185 300 nos
211 271 300 300 non
329 261 558 309 imperium
586 272 730 311 neque
758 262 931 302 divitias
959 263 1158 311 petimus,
1185 274 1367 313 quarum
1395 273 1456 302 re-

102 331 195 358 rum
231 330 364 359 causa
394 319 509 359 bella
536 324 667 370 atque
694 322 929 360 certamina
955 323 1237 362 omnia-inter
1263 321 1456 362 mortalis

104 382 216 425 sunt,
238 378 316 418 sed
337 378 591 425 libertatem,
619 391 751 429 quam
770 391 901 420 nemo
923 381 1067 420 bonus
1088 382 1170 420 nisi
1192 393 1289 421 cum
1311 382 1456 420 anima
1492 387 1511 413 5

56 452 75 484 5
103 437 232 477 simul
259 439 424 477 amittit.
464 442 504 478 te
532 444 664 488 atque
691 444 890 479 senatum
913 440 1193 487 obtestamur,
1220 440 1457 480 consulatis

103 497 270 537 miseris
305 498 485 542 civibus,
519 498 628 547 legis
662 498 927 547 praesidium
959 499 1078 548 quod
1106 500 1309 549 iniquitas
1337 510 1458 549 prae-

103 557 205 596 toris
228 557 382 605 eripuit
402 557 648 602 restituatis,
669 568 781 597 neve
803 558 931 597 nobis
954 569 1050 598 eam
1064 558 1457 598 neccessitudinem

104 616 336 665 inponatis,
369 621 414 655 ut
447 627 720 665 quaeramus,
755 628 949 666 quonam
985 618 1118 657 modo
1151 629 1354 657 maxume
1382 617 1456 656 ulti

105 676 365 725 sanguinem
394 680 589 715 nostrum
618 672 876 724 pereamus.9
1476 681 1511 710 10

44 739 98 778 34
168 734 236 774 Ad
264 734 372 774 haec
400 734 450 778 Q.
472 734 656 774 Marcius
684 736 918 784 respondit,
946 736 981 774 si
1009 736 1112 785 quid
1134 736 1189 775 ab
1211 743 1364 775 senatu
1387 747 1457 784 pe-

103 799 192 833 tere
218 793 390 839 vellent,
418 794 473 833 ab
501 795 630 833 armis
651 794 889 840 discedant,
917 794 1099 834 Romam
1121 795 1341 844 supplices
1364 806 1458 844 pro-

105 853 366 893 ficiscantur:
402 864 453 892 ea
487 853 824 893 mansuetudine
854 859 986 903 atque
1013 854 1308 894 misericordia
1335 865 1457 893 sena-

104 918 195 952 tum
229 912 381 962 populi
408 912 592 952 Romani
629 924 801 962 semper
834 913 979 959 fuisse,
1013 919 1057 952 ut
1090 925 1221 953 nemo
1250 924 1456 962 umquam

107 972 161 1011 ab
190 983 243 1011 eo
271 972 423 1011 frustra
450 971 659 1011 auxilium
688 973 895 1021 petiverit.
1481 979 1525 1006 1⁵1

59 1038 79 1070 2
165 1031 221 1070 At
254 1030 438 1071 Catilina
475 1042 526 1070 ex
561 1032 711 1071 itinere
744 1031 962 1081 plerisque
995 1031 1307 1075 consularibus,
1342 1042 1460 1080 prae-

107 1096 223 1130 terea
245 1095 426 1139 optumo
450 1091 644 1140 quoique
665 1090 825 1130 litteras
848 1091 992 1131 mittit:
1015 1102 1061 1130 se
1078 1091 1195 1130 falsis
1211 1091 1460 1130 criminibus

108 1151 461 1195 circumventum,
497 1152 706 1199 quoniam
747 1150 922 1190 factioni
964 1151 1236 1189 inimicorum
1264 1151 1460 1189 resistere

107 1210 362 1258 nequiverit,
389 1209 587 1249 fortunae
608 1209 773 1255 cedere,
795 1209 1035 1249 Massiliam
1063 1210 1105 1248 in
1134 1209 1311 1248 exilium
1334 1209 1460 1258 profi-

109 1269 221 1314 cisci,
248 1279 336 1308 non
364 1279 452 1318 quo
481 1269 561 1308 sibi
588 1270 693 1308 tanti
721 1268 894 1308 sceleris
924 1269 1125 1308 conscius
1147 1273 1272 1314 esset,
1300 1268 1376 1307 sed
1399 1269 1458 1307 uti
1480 1273 1517 1303 20

109 1339 176 1367 res
204 1327 378 1377 publica
400 1329 547 1377 quieta
568 1328 675 1368 foret
695 1339 807 1368 neve
830 1340 882 1367 ex
903 1339 982 1367 sua
1003 1328 1282 1367 contentione
1303 1322 1459 1367 seditio

62 1399 82 1431 3
109 1392 309 1427 oreretur.
348 1387 403 1426 ab
440 1387 506 1426 his
541 1387 674 1437 longe
707 1387 905 1427 divorsas
939 1387 1098 1426 litteras
1133 1386 1182 1430 Q.
1205 1386 1382 1427 Catulus
1418 1387 1460 1425 in

108 1451 262 1486 senatu
278 1447 482 1492 recitavit,
503 1457 612 1496 quas
628 1447 710 1486 sibi
723 1447 901 1486 nomine
918 1445 1126 1486 Catilinae
1142 1446 1331 1486 redditas
1348 1445 1460 1485 dice-

109 1506 192 1546 bat.
233 1517 380 1545 earum
409 1505 658 1554 exemplum
686 1506 793 1545 infra
820 1507 1024 1555 scriptum
1054 1511 1128 1545 est.

48 1567 103 1607 35
228 1561 285 1604 ‘L.
299 1564 482 1604 Catilina
504 1562 553 1608 Q.
570 1564 735 1605 Catulo.
769 1564 951 1615 Egregia
972 1570 1045 1604 tua
1066 1565 1187 1611 fides,
1209 1576 1252 1604 re
1274 1565 1459 1614 cognita,
1480 1570 1515 1597 25

109 1629 231 1674 grata
257 1624 362 1663 mihi
390 1625 561 1673 magnis
582 1625 624 1663 in
646 1625 754 1664 meis
778 1624 989 1673 periculis,
1016 1624 1220 1664 fiduciam
1242 1634 1461 1663 commen-

63 1694 83 1727 2
110 1684 275 1723 dationi
297 1694 423 1723 meae
443 1683 598 1723 tribuit.
620 1695 751 1733 quam
774 1684 830 1723 ob
852 1695 941 1723 rem
963 1683 1264 1723 defensionem
1288 1683 1329 1721 in
1343 1693 1460 1722 novo

111 1743 294 1783 consilio
322 1754 411 1782 non
440 1744 568 1782 statui
589 1754 755 1792 parare:
784 1743 1123 1782 satisfactionem
1147 1753 1199 1781 ex
1220 1741 1339 1780 nulla
1361 1752 1461 1781 con-

112 1803 292 1842 scientia
331 1802 385 1841 de
425 1801 552 1851 culpa
591 1813 834 1851 proponere
871 1802 1054 1847 decrevi,
1093 1812 1225 1850 quam
1258 1812 1328 1839 me
1364 1800 1461 1839 dius

65 1859 84 1892 3
113 1861 241 1901 fidius
280 1872 428 1901 veram
465 1860 563 1900 licet
599 1872 854 1911 cognoscas.
900 1861 1063 1900 iniuriis
1097 1860 1515 1908 contumeliisqueae

114 1921 366 1966 concitatus,
395 1921 512 1970 quod
541 1920 676 1960 fructu
704 1920 862 1960 laboris
891 1921 1215 1968 industriaeque
1236 1930 1360 1958 meae
1382 1919 1471 1967 pri-

174 2050 194 2080 5
221 2050 288 2081 sed
309 2074 316 2081 .
332 2074 339 2080 .
357 2074 364 2081 .
386 2050 516 2081 amittit
541 2049 641 2082 Serv.
662 2049 749 2081 Aen.
772 2053 799 2087 1,
816 2053 875 2081 195
949 2048 969 2080 8
994 2048 1101 2080 vobis
1121 2047 1153 2079 V
1239 2047 1283 2079 22
1305 2051 1463 2079 oreretur

113 2092 199 2128 PN¹
227 2097 375 2128 oriretur
397 2098 475 2129 rell.
574 2097 619 2129 23
646 2100 812 2128 senatum
839 2096 903 2128 Xn
1001 2095 1046 2127 25
1072 2095 1094 2127 l.
1115 2095 1262 2126 catilina
1288 2103 1321 2133 q.
1343 2093 1463 2126 catulo

114 2139 322 2176 PA¹131sn
361 2145 383 2176 l.
405 2144 552 2176 catilina
573 2153 640 2176 suo
663 2153 696 2183 q.
717 2144 837 2176 catulo
852 2138 940 2175 A²c
978 2142 999 2174 1.
1020 2142 1167 2174 catilina
1181 2142 1333 2174 salutem
1348 2149 1382 2180 q.
1403 2149 1462 2172 ca-

115 2191 192 2223 tulo
207 2188 282 2229 (vel
297 2200 332 2230 q.
348 2192 468 2223 catulo
483 2189 654 2231 salutem)
670 2191 741 2223 Ym
781 2191 802 2223 l.
819 2191 967 2222 catilina
980 2189 1132 2221 salutem
1149 2189 1236 2221 dicit
1249 2198 1283 2228 q.
1298 2188 1417 2220 catulo
1432 2187 1463 2219 V

176 2238 220 2270 26
253 2239 290 2270 in
318 2239 460 2278 magnis
488 2239 579 2270 meis
604 2238 637 2270 V
745 2238 790 2270 29
818 2247 926 2277 quam
948 2262 955 2269 .
972 2261 979 2269 .
995 2261 1003 2269 .
1025 2245 1229 2276 cognoscas
1256 2235 1354 2268 Serv.
1377 2235 1462 2267 Aen.

115 2289 221 2318 4204
295 2283 515 2325 cognoscas]
545 2294 685 2318 mecum
715 2293 959 2324 recognoscas
985 2284 1084 2316 Serv.
1450 2329 1471 2354 Β
